1992 3390
80 296 120 340 124
356 282 481 341 Flunngelium¹
492 282 594 331 secundum
606 282 692 332 1110101110.
904 287 923 332 t.
936 299 950 331 4.

78 436 132 479 enim
144 448 244 480 mensura
257 436 377 489 metieritis,
393 440 414 479 et
426 436 612 479 demensurabitur
628 437 688 480 uobis
706 436 739 481 25.
758 436 799 488 dui
814 437 869 479 enim
880 435 950 492 habet,

79 505 163 548 dabitur
182 506 220 559 illi,
244 509 317 568 etqui
334 507 461 559 nonhabet,
483 509 505 549 et
520 508 577 560 quod
593 508 664 559 habet,
681 506 791 550 auferetur
808 508 834 549 ab
851 506 893 549 illo.
918 508 951 550 36.

78 577 105 619 Et
122 576 219 620 dicebat:
245 578 280 621 Sic
297 582 330 621 est
345 590 432 632 regnum
451 577 493 631 dei,
517 577 694 631 quemadmodum
710 578 727 620 si
743 577 808 620 homo
829 578 903 620 mittat
919 591 950 619 se·

78 658 124 689 men
143 646 164 689 in
181 649 270 697 terram,
288 649 322 692 27.
338 652 359 691 et
375 648 466 690 dormiat
482 651 505 691 ct
515 650 589 702 surgat
604 651 666 691 nocte
682 650 702 691 et
718 648 760 701 die,
778 653 800 691 et
815 659 886 690 semen
903 660 950 702 ger-

78 717 173 759 minetet
189 718 301 771 increscat,
319 719 366 761 dnm
384 719 472 761 nesciat.
490 719 523 762 38.
540 716 603 760 Ultro
620 718 674 760 enim
690 721 748 760 terra
759 713 888 773 ‘t'ructificnt
905 718 950 771 pri-

81 800 137 830 mum
153 788 248 841 herbam,
266 788 343 831 deinde
358 789 444 844 spicam,
462 789 539 831 deinde
555 789 639 843 plenum
663 788 756 830 triticum
774 789 795 831 in
819 788 884 843 spica.
915 789 950 831 23.

80 856 131 900 Cum
147 857 240 902 iunctum
258 859 355 913 ediderit,
372 860 402 903 sic
417 860 484 902 mittit
505 858 586 913 falcem,
610 850 706 912 quoniam
729 858 793 901 adest
816 858 898 902 messis.
915 859 950 903 30.

79 928 107 970 Et
132 928 231 972 dicebat:
265 931 368 984 quomodo
393 930 464 972 simile
490 930 584 972 dicemus
609 940 695 982 regnum
721 928 773 971 clei?
805 921 847 971 11111
872 929 951 982 inqua

81 999 222 1042 similitudine
239 990 357 1055 ponemus?
372 998 404 1049 ai.
422 999 483 1043 Sicut
498 1012 586 1054 granum
603 999 683 1053 sinapis
699 1003 755 1052 quod
772 999 950 1042 0001001010οι]-

80 1073 219 1123 0011011010,
236 1080 283 1114 cnm
299 1072 327 1114 sit
350 1072 418 1114 larinus
440 1071 533 1113 omnium
555 1071 665 1123 seminum,
696 1071 730 1113 32.
748 1069 827 1112 crescit
843 1071 914 1111 autem
929 1071 951 1111 et

78 1138 100 1182 iit
115 1140 177 1183 arbor
193 1142 263 1184 maius
278 1130 369 1185 ornniurn
386 1141 482 1184 holerum
493 1140 577 1184 etfacit
593 1152 662 1183 ramos
678 1147 773 1193 magnos,
783 1141 813 1182 ita
824 1142 848 1182 ut
864 1139 947 1193 possint

80 1210 117 1253 sarh
134 1211 208 1254 umbra
224 1212 271 1255 eius
287 1223 337 1254 atres
354 1211 405 1254 caeli
421 1203 549 1254 inhabitare.
567 1212 600 1254 33.
617 1210 645 1253 Et
661 1210 708 1254 aliis
725 1209 833 1264 parabolis
851 1209 950 1263 loqueba-

79 1282 114 1322 tur
128 1281 154 1323 ad
170 1280 226 1333 illos,
250 1282 343 1335 qualiter
358 1284 457 1335 poterant
474 1281 555 1334 audire,
579 1281 613 1325 34.
630 1281 675 1324 sine
698 1281 808 1334 parabolis
823 1283 893 1323 autem
910 1293 951 1323 nou

82 1350 211 1404 loquebatur
227 1351 253 1394 ad
269 1351 331 1402 illcs;
349 1355 430 1395 secreto
447 1356 518 1395 autern
535 1350 646 1406 discipulis
667 1352 711 1396 saris
734 1351 860 1394 exsoluebat
875 1352 951 1394 omnia.

78 1421 111 1464 35.
127 1420 155 1463 Et
170 1421 202 1464 ait
217 1420 260 1464 illis
276 1421 297 1464 in
313 1422 350 1464 illa
365 1422 405 1476 die,
421 1435 469 1466 cum
486 1423 621 1466 semiactum
631 1424 697 1466 esset:
716 1425 852 1465 transeamus
869 1424 948 1465 contra.

78 1492 111 1534 36.
128 1490 156 1533 Et
172 1490 303 1534 dimiserunt
319 1492 399 1536 turbam
416 1495 438 1535 et
455 1486 583 1547 acceperunt
598 1505 652 1545 eurn,
669 1493 697 1535 ita
712 1497 736 1535 ut
753 1495 802 1534 erat
818 1492 838 1534 in
851 1491 950 1535 nauicula

79 1564 100 1603 et
115 1561 194 1604 multae
211 1575 278 1605 naues
293 1562 356 1606 simul
372 1567 431 1605 erant
449 1562 551 1605 01001110.
568 1563 603 1606 37.
620 1562 648 1605 Et
658 1561 714 1606 iacta
725 1566 758 1606 est
770 1561 864 1617 procella
875 1573 951 1615 magna

77 1631 141 1685 uenti,
165 1635 188 1674 et
205 1631 285 1675 fluctus
311 1633 408 1676 mittebat
433 1635 454 1675 in
478 1633 607 1685 rumicnlam,
631 1634 662 1676 ita
685 1636 707 1675 nt
730 1632 857 1687 impleretur
880 1632 948 1674 nauis.

77 1702 111 1745 38.
128 1700 182 1745 Erat
198 1705 269 1744 autem
287 1703 368 1758 ipsein
385 1716 456 1757 puppe
473 1715 537 1757 supra
552 1702 662 1756 puluinum
679 1703 800 1746 dormiens:
821 1705 844 1744 et
858 1700 950 1745 excitau-
991 1693 992 1696 ¹

80 1775 112 1815 tes
129 1783 175 1814 eum
193 1773 293 1815 dixerunt
309 1774 339 1816 ei:
362 1774 472 1829 rrungister,
488 1785 529 1815 1100
546 1773 634 1816 esttibi
650 1786 707 1825 crura,
728 1786 753 1816 eo
770 1765 826 1828 quod
843 1771 951 1827 perimus?

80 1843 113 1885 20.
131 1842 159 1885 Et
174 1855 282 1897 exurgens
297 1844 409 1897 imperauit
425 1847 491 1886 uento
507 1844 596 1885 otmari
613 1846 634 1885 et
649 1844 688 1899 ait3
704 1842 849 1887 Ommutesce.
861 1837 894 1885 vEt
905 1854 949 1885 ces-

79 1913 235 1968 resiliremus,
251 1916 273 1955 et
288 1913 344 1956 iacta
359 1917 392 1956 est
407 1914 556 1967 tranquillitas
572 1926 652 1967 inagna.
670 1915 697 1957 40
715 1914 818 1968 Dixitque
830 1913 883 1956 illis:
900 1913 950 1967 quid

79 1983 148 2026 timidi
164 1983 233 2025 estis?
250 1984 342 2026 nondum
359 1982 413 2025 enim
425 1983 510 2026 habetis
520 1982 599 2026 fidem?
614 1983 643 2025 Et
654 1983 771 2026 timuerunt
782 1983 949 2037 muneramagna,

79 2055 100 2095 et
115 2053 141 2095 ad
157 2054 251 2097 inuicem
273 2053 382 2096 dicebanta
412 2052 476 2105 Ecce,
503 2053 607 2107 quomodo
630 2066 687 2096 mam
702 2057 723 2096 et
749 2054 808 2097 uenti
833 2053 950 2097 obaudiunt

80 2135 133 2165 eum.
458 2133 459 2138 ¹

145 2262 176 2308 V.
195 2265 213 2306 1.
231 2263 259 2306 Et
276 2266 380 2306 uenerunt
395 2266 455 2306 trans
472 2263 548 2307 fretum
566 2265 587 2307 in
610 2264 717 2318 regionem
741 2265 906 2309 Gerasenorum.
929 2266 948 2309 2.

80 2337 170 2377 exeunte
187 2335 234 2388 ipso
251 2334 277 2377 de
293 2335 398 2389 nauicula,
414 2335 512 2377 obuiauit
528 2335 547 2377 ei
564 2335 626 2377 homo
642 2335 667 2377 de
682 2340 827 2388 monumento,
852 2335 949 2391 spiritum

78 2405 209 2447 immundum
225 2405 314 2456 liabens,
331 2405 350 2447 3.
367 2408 388 2447 et
403 2404 498 2447 habebat
514 2404 668 2447 habitationem
684 2406 704 2447 in
719 2409 864 2460 monumento,
882 2409 903 2449 ct
913 2418 949 2448 ne-

81 2485 121 2528 que
137 2475 220 2518 catenis
237 2475 277 2517 iam
295 2475 402 2529 quisquam
426 2479 514 2530 poterat
529 2475 602 2529 ligare,
625 2476 645 2519 4.
670 2477 719 2530 quia
735 2488 802 2531 saepe
817 2476 859 2519 iam
876 2474 949 2531 alliga-

82 2548 116 2588 tus
132 2545 270 2600 compedibus
286 2550 308 2588 et
323 2546 409 2602 catenis,
427 2546 550 2600 disruperat
566 2559 578 2588 a
594 2559 616 2589 se
633 2549 717 2590 catenas
733 2551 756 2589 et
772 2547 884 2602 compedes
900 2559 949 2589 con·

80 2615 148 2669 fregit,
164 2619 199 2658 set
211 2609 254 2658 vnec
276 2615 384 2670 qnisquam
401 2615 489 2658 ualebat
504 2629 551 2658 eum
569 2617 660 2660 domare.
677 2619 695 2659 5.
712 2617 781 2660 Nocte
797 2620 868 2660 autern
880 2629 904 2660 ac
914 2618 949 2660 die

78 2687 98 2728 in
115 2686 223 2729 montibus
240 2689 262 2729 et
278 2686 419 2729 monumentis
436 2688 484 2729 erat
500 2686 594 2730 olamans
610 2686 745 2741 etlapidious
761 2700 785 2730 se
802 2687 911 2730 collidens.
929 2689 948 2731 6.

79 2754 159 2799 Uidens
176 2760 248 2800 autem
264 2770 276 2800 0
291 2757 354 2811 longe
369 2756 451 2808 iesum,
477 2757 574 2801 adcurrit
590 2759 611 2799 et
626 2757 722 2801 adorauit
738 2770 787 2801 eum
810 2761 832 2801 et
856 2758 949 2802 clamans

78 2839 130 2870 uoce
145 2840 222 2883 magna
239 2828 303 2871 dixit:
321 2829 338 2870 1.
363 2827 416 2880 Quid
433 2827 486 2870 101111
502 2831 524 2870 01
540 2827 586 2881 tibi,
602 2827 705 2881 ι10001111
722 2829 756 2871 dei
774 2828 879 2881 altissimi,
903 2841 949 2883 pre—

76 2910 110 2940 cor·
121 2902 142 2941 te
153 2910 192 2953 per
203 2898 274 2951 derum,
283 2911 310 2941 ne
325 2911 358 2941 me
366 2902 474 2953 torqueas.
492 2900 511 2942 3.
528 2899 618 2942 Dicebat
629 2898 684 2941 enirn
696 2899 738 2942 illi:
756 2898 797 2942 uxr
810 2899 897 2954 spiritus
909 2900 946 2942 im-

77 2969 153 3011 rarunde
170 2969 197 3011 de
213 2968 254 3012 hoc
270 2968 361 3012 homine.
392 2969 411 3010 3.
431 2968 465 3011 'Et
489 2969 637 3023 interrogabat
653 2981 711 3013 eruin:
735 2971 793 3025 quod
817 2970 856 3013 tibi
872 2982 947 3012 nomen

77 3039 124 3081 est?
140 3040 167 3083 At
183 3039 220 3082 ille
231 3040 354 3094 respondit:
371 3039 425 3093 legio
437 3051 514 3083 11001011
525 3047 556 3082 est
567 3040 625 3092 mihi,
642 3039 692 3094 quia
702 3041 764 3084 multi
777 3052 856 3083 surrrus.
875 3041 906 3084 10.
919 3040 950 3084 Et

78 3110 164 3162 rogabat
180 3122 229 3152 earm
245 3110 376 3162 multumne
391 3121 438 3151 eum
457 3109 576 3163 expelleret
586 3109 642 3153 ionas
654 3110 680 3152 de
689 3110 727 3153 illa
737 3110 833 3164 regione.
851 3112 883 3153 11.
895 3111 949 3154 Erat

76 3184 144 3222 autem
161 3180 190 3224 ibi
207 3182 266 3223 insta
282 3184 373 3223 rraontem
384 3192 435 3234 pren
453 3192 564 3234 porcorum
579 3182 718 3234 pascentium.
737 3181 772 3225 12.
789 3180 818 3224 Et
834 3181 947 3237 depraeca-
