1992 3390
85 293 112 335 22
335 283 457 331 Errongelium
470 283 572 321 secundum
583 281 705 319 1151115555.
897 278 915 314 (l.
930 281 956 314 11.

85 430 203 486 gnoscere?
220 429 337 472 Generatio
354 427 409 470 mala
425 430 447 469 et
462 427 560 469 adultera
577 424 661 480 quaerit
677 424 766 478 signum,
784 425 805 464 et
821 422 905 476 signum
917 432 959 463 non

85 500 171 543 dabitur
194 499 214 542 ei
234 499 274 542 nisi
297 499 379 553 signum
405 497 474 540 Jooae
495 496 618 551 prophetae.
640 495 669 537 Et
689 493 771 537 relictis
793 493 836 536 illis
857 491 916 535 abiit.
939 491 958 534 b.

87 570 179 613 Etcum
195 570 293 613 uenisset
313 573 372 612 truns
388 567 474 620 fretum,
495 567 556 610 obliti
578 568 628 609 sunt
644 565 744 619 discipuli
761 565 808 607 eius
824 576 890 618 panes
907 561 960 604 5551-

84 654 143 696 pere.
160 643 181 684 d.
197 640 263 684 lesus
279 642 349 683 autem
371 638 425 681 dixit
446 638 501 681 illis:
523 636 636 681 Attendite
651 636 712 679 uobis
729 648 741 678 a
760 634 865 679 fermento
886 632 960 675 Phari-

86 724 183 754 saeorum
207 714 229 754 et
251 709 431 753 Sadducaeorum.
456 710 475 753 1.
499 708 558 751 Τ555
581 707 704 760 cogitabant
727 705 783 748 inter
807 718 829 748 so
852 703 959 747 diceutes:

88 781 142 833 Quia
157 793 224 835 panes
240 793 281 823 non
298 780 425 833 accepimus.
444 779 462 822 8.
480 777 562 828 Quibus
578 776 722 832 cogitantibus
739 775 792 819 dixit
807 775 882 818 Jesns:
905 772 961 824 tluid

87 852 253 907 cogitatisinter
264 863 309 906 uos,
323 850 420 893 modicae
435 848 492 902 fidei.
510 850 559 903 5515
575 861 640 903 panes
652 861 694 890 non
710 846 810 890 habetis?
826 847 845 889 o.
863 844 960 888 Nondum

87 923 213 976 intellegitis
230 934 298 976 55555
314 920 441 965 meministis
457 919 482 963 de
499 920 591 974 quinque
612 918 703 972 panibus
718 920 741 960 et
761 917 854 972 quinque
875 914 962 958 milibus

88 992 203 1046 bominum,
228 996 249 1036 et
265 993 324 1046 quod
341 992 443 1046 cophinos
459 990 596 1044 sumpsistis?
618 990 737 1044 11155555
757 990 838 1042 septem
860 998 926 1042 panes
942 987 964 1028 et

89 1066 190 1117 quattuor
206 1063 265 1105 milia
281 1061 389 1104 hominum
407 1065 428 1104 et
445 1062 501 1115 quod
517 1063 602 1116 sportas
618 1060 757 1115 sumpsistis?
783 1062 815 1102 11.
833 1057 904 1109 Quare
921 1068 962 1098 noir

89 1133 218 1188 intelligitis,
235 1132 286 1187 quia
307 1144 349 1175 non
369 1132 396 1174 de
418 1143 472 1185 5555
494 1131 548 1174 dixi:
570 1131 682 1174 Attendite
699 1145 711 1174 5
728 1131 831 1174 15555515
851 1128 962 1171 Pharisae-

89 1216 149 1246 orum
165 1205 187 1246 et
203 1201 394 1246 Sadducaeorum?
413 1203 444 1243 12.
461 1202 519 1245 'lunc
535 1201 693 1258 intellexerunt,
709 1202 759 1256 5515
776 1212 816 1243 555
832 1200 886 1241 dixit
901 1198 964 1240 oler-

91 1277 169 1326 mento,
187 1273 224 1316 sed
240 1286 252 1315 5
269 1272 366 1315 doctrina
380 1271 543 1315 Pharisaeorum
566 1272 676 1314 attondere
693 1272 739 1315 sibi.
764 1272 795 1314 13.
812 1269 877 1313 Uenit
893 1270 965 1310 autem

92 1344 156 1387 15555
178 1344 199 1385 15
216 1346 297 1397 partem
317 1341 435 1385 Caesareae
451 1341 553 1396 Philippi,
575 1344 596 1385 51
611 1341 759 1396 interrogabat
775 1341 892 1395 discipulos
913 1350 964 1382 suos

92 1414 176 1457 dicens:
193 1414 259 1465 115515
270 1426 304 1456 me
315 1413 411 1456 homines
423 1413 496 1455 dicunt
509 1425 557 1456 esse
567 1412 634 1456 filium
644 1411 753 1455 hominis?
770 1412 802 1455 m.
819 1410 852 1453 Ad
868 1411 899 1453 illi
909 1410 965 1452 dixe-

91 1488 153 1527 runt:
163 1483 409 1539 15115555511551151515,
419 1482 455 1526 alii
462 1485 532 1524 autem
541 1483 618 1538 Elium
627 1482 663 1525 alii
670 1495 721 1525 uero
730 1482 744 1524 J
746 1481 845 1525 eremium
854 1482 891 1524 551
900 1493 964 1522 unum

93 1567 119 1596 ex
135 1553 265 1609 prophetis?
282 1554 315 1598 11.
327 1553 386 1596 Dicit
399 1553 443 1595 illis
455 1552 531 1596 lesus:
548 1552 594 1596 Uos
605 1555 676 1596 antem
692 1566 754 1607 quem
769 1564 803 1595 ure
818 1552 890 1594 dicitis
902 1550 965 1594 esse?

94 1626 125 1668 16.
141 1624 282 1678 Respondens
298 1624 368 1667 Simon
391 1623 468 1666 Petrus
485 1623 550 1666 dixit:
572 1623 603 1665 Tu
620 1635 643 1665 es
666 1622 765 1667 Christus
782 1621 839 1665 filins
861 1622 894 1665 dei
911 1622 964 1665 uiui.

93 1695 126 1736 17.
144 1694 286 1749 Respondeus'
306 1697 376 1737 autern
398 1692 463 1737 Jesus
484 1693 538 1736 dixit
558 1694 589 1736 ei:
611 1693 691 1736 Beatus
712 1707 735 1737 es
757 1693 828 1736 Simon
851 1692 966 1744 Bar-lona,

92 1764 144 1818 quia
160 1777 208 1807 earo
224 1766 246 1806 et
257 1764 344 1818 sanguis
360 1776 402 1807 nou
418 1762 524 1806 reuelubit
535 1763 581 1817 tint,
598 1763 636 1805 sed
655 1766 716 1817 puter
727 1775 793 1815 meus,
810 1762 846 1818 qui
863 1763 883 1804 in
900 1763 966 1805 555115

93 1837 132 1877 551.
151 1835 183 1878 18.
200 1834 229 1877 Et
245 1847 284 1889 ego
305 1834 353 1877 dieo
369 1834 415 1889 tibi,
432 1832 481 1886 5515
505 1835 528 1876 15
545 1845 567 1875 55
584 1834 666 1885 Petrus,
688 1836 709 1876 et
724 1846 789 1888 super
810 1834 864 1877 lianc
885 1836 966 1888 petrum

94 1902 211 1948 aedificabo
236 1905 349 1948 ecclesiam
369 1916 446 1955 meam,
470 1906 492 1946 et
512 1906 587 1958 portae
608 1903 671 1946 inferi
694 1917 736 1947 nou
760 1904 915 1958 praeualebunt
941 1904 966 1947 ei.

94 1975 127 2018 19.
143 1975 173 2018 Et
193 1974 233 2017 tibi
254 1975 308 2018 dabo
330 1975 412 2018 clunem
427 1975 489 2028 regni
511 1975 624 2018 caelorum.
651 1975 680 2018 Et
704 1987 852 2029 quoecumque
868 1975 968 2029 ligaberis

93 2057 158 2099 super
173 2048 260 2098 terram,
278 2047 340 2088 erunt
355 2045 420 2099 ligata
437 2047 458 2087 et
473 2045 494 2086 iu
512 2045 583 2098 coelis,
601 2047 621 2088 et
638 2057 782 2100 quaecumque
800 2045 890 2089 solueris
904 2057 969 2099 snper

94 2117 179 2167 terram,
196 2117 259 2158 erunt
274 2116 345 2158 solutu
361 2116 420 2158 etin
437 2115 509 2158 caelin.
531 2116 566 2158 20.
582 2115 641 2158 Tunc
658 2116 773 2170 imperauit
788 2116 901 2169 discipulis
917 2117 968 2164 suis,

96 2188 119 2228 ut
130 2185 209 2228 nemini
220 2185 316 2229 dicerent
332 2185 387 2239 quod
409 2186 455 2240 ipse
471 2188 529 2229 55551
545 2185 649 2229 Christus.
672 2186 706 2229 21.
722 2186 806 2229 Exinde
822 2187 893 2241 coepit
903 2186 968 2229 lesus

95 2256 208 2299 ostendere
225 2256 335 2311 discipulis
347 2257 398 2309 5515,
415 2256 465 2310 5515
482 2259 567 2310 oportet
583 2269 631 2299 eum
647 2257 679 2299 irc
697 2256 847 2312 Hierosolyma
863 2261 884 2299 et
899 2257 969 2299 multa

97 2326 141 2379 pati
158 2339 170 2368 5
187 2327 307 2371 senioribus
323 2330 345 2370 et
356 2327 431 2371 scribis
443 2330 464 2370 et
474 2327 607 2382 principibus
624 2328 759 2371 secerdotum
776 2331 797 2370 et
808 2327 876 2371 occidi
887 2330 967 2381 etpost

97 2397 184 2439 tertium
197 2396 252 2439 diem
263 2410 381 2452 resurgere.
394 2398 428 2440 22.
449 2398 478 2441 111
490 2398 605 2441 adsumens
622 2410 669 2440 eum
682 2398 758 2441 Petrus
771 2399 841 2452 coepit
857 2398 968 2452 inerepare

100 2470 121 2509 et
138 2467 220 2510 dicere:
243 2466 664 2522 1115115155155111555515155155,
686 2481 727 2511 non
743 2470 785 2511 erit
801 2468 860 2511 istut.
882 2469 915 2511 23.
938 2469 971 2511 dd

96 2537 142 2590 ipse
159 2550 275 2581 conuersus
295 2539 359 2582 Petro
376 2538 441 2581 dixit:
462 2538 524 2581 Uade
540 2541 598 2581 retro
615 2543 662 2593 post
678 2551 711 2582 me
733 2543 828 2591 5515555;
846 2539 970 2581 scandulum

98 2620 120 2650 es
144 2607 203 2660 mihi,
226 2610 276 2662 5515
296 2622 337 2651 555
359 2610 416 2664 55515
438 2622 493 2662 5555
515 2610 549 2652 dei
570 2613 625 2664 sunt,
648 2610 685 2652 sed
707 2622 761 2663 5555
783 2612 833 2651 5551
855 2608 969 2651 hominum.

97 2679 130 2720 24.
152 2678 211 2722 Tunc
232 2678 296 2722 lesus
313 2679 366 2722 dixit
389 2679 498 2733 discipulis
520 2680 576 2722 suis:
594 2678 615 2722 Si
637 2679 684 2732 quis
701 2679 747 2722 uult
769 2682 817 2734 post
840 2692 872 2721 me
888 2680 971 2732 uenire,

97 2748 188 2802 abneget
204 2761 227 2791 se
243 2748 283 2792 sibi
299 2753 321 2792 et
336 2749 399 2792 tollat
414 2762 497 2792 crucem
513 2761 573 2792 suam
591 2752 612 2791 et
628 2753 729 2804 sequatur
745 2762 784 2792 me.
807 2751 841 2794 25.
859 2749 899 2801 unt
916 2751 970 2792 enim

97 2819 192 2862 uoluerit
207 2818 299 2862 animam
315 2832 376 2862 suam
397 2821 480 2863 saluam
496 2819 573 2870 facere,
590 2820 666 2875 perdet
682 2833 739 2873 earm
762 2820 797 2874 551
815 2823 885 2863 autem
901 2821 972 2874 perdi-

97 2889 153 2931 derit
168 2889 259 2931 animam
271 2902 330 2933 suom
342 2894 430 2945 propter
442 2903 481 2942 me,
495 2891 592 2933 inueniet
609 2903 660 2933 eam.
678 2891 712 2934 26.
726 2890 781 2942 Quid
798 2891 854 2933 enim
870 2892 972 2945 prodeest

97 2959 185 3012 bomini,
202 2960 219 3003 si
235 2960 291 3002 11555
313 2962 414 3003 mundum
436 2960 564 3015 lucrifaciat,
581 2961 663 3005 animae
683 2974 736 3005 uero
752 2974 803 3004 suae
820 2962 972 3005 detrimentum

97 3030 209 3084 potiatur?
230 3031 274 3074 Aut
294 3043 357 3085 quam
379 3032 439 3074 dabit
459 3031 522 3074 bomo
546 3032 732 3075 commutationem
753 3032 837 3075 animae
858 3036 922 3076 suae?
938 3035 972 3077 21.

100 3098 153 3142 Nam
169 3100 226 3144 filins
241 3101 332 3145 bominis
348 3104 453 3145 uenturus
470 3104 503 3146 est
519 3105 539 3144 15
555 3103 669 3146 maiestate
690 3103 757 3157 patris
774 3103 807 3147 sui
824 3116 870 3146 cnm
892 3104 973 3159 angelis

100 3170 144 3213 suis
160 3172 246 3227 sanctis,
263 3175 345 3216 511555
356 3173 432 3217 reddet
448 3173 564 3227 unicuique
575 3173 690 3216 secuudum
708 3187 773 3228 opero
785 3175 837 3218 eius.
855 3175 888 3219 28.
906 3175 974 3218 dmeu
