1992 3390
84 294 113 338 VI

82 438 148 494 mines
164 436 289 492 arrabone
315 439 347 488 la,
377 438 407 481 13,
434 438 459 480 ib
482 438 563 481 talento
580 437 631 493 (viga
646 440 715 491 nrnat3
740 440 775 490 23,
800 439 812 480 2
833 439 951 481 soluentem

79 508 147 564 legem
163 510 257 551 nostram
278 509 298 549 et
317 507 440 562 propbetas
465 509 518 553 Mr.
534 510 554 562 2,
581 508 605 551 14
621 506 726 551 Joaotara
749 507 806 562 Alibi
829 509 874 564 (vlg
898 509 950 552 Levi

80 577 159 633 Alfetn
176 578 237 629 tar
254 578 301 621 add.
318 580 337 619 et
352 576 376 620 ia
391 577 461 620 trallae
478 577 533 621 otiari
547 577 684 621 resuscitetur
699 578 745 621 stne
759 578 862 622 aaronitas.

150 647 314 692 blendosissime
337 648 431 703 scriptus
455 651 489 692 est
505 648 569 692 codex
591 649 681 691 fortasse
697 652 784 704 propter
799 651 950 706 negligentiam

79 719 169 762 librarii.
186 720 204 762 b
221 717 300 773 quibus
323 720 405 763 mendis
428 719 522 762 nonnula
537 732 549 762 a
564 717 682 762 Blanohino
705 731 746 763 non
770 720 854 764 sublata
874 722 896 764 in
911 721 951 764 hae

83 789 179 833 editione
196 793 292 835 eorreota
308 793 363 836 sunt.
380 789 460 834 Notata
476 794 525 834 sunt
541 790 561 833 in
578 790 619 833 line
634 789 697 832 huius
713 789 802 841 libelli„

155 861 256 905 Ceterum
280 861 347 906 codex
369 865 403 905 est
426 861 528 905 mediocri
552 873 601 904 cara
625 864 754 913 asserentes,
778 873 842 914 quam
863 860 949 904 obrem

82 934 189 989 scriptura
211 935 308 987 tempore
324 932 385 976 eilatoi
403 945 470 987 erasa,
495 933 572 987 partim
588 944 727 987 nequaquam,
751 932 828 986 partim
851 944 891 974 non
910 927 951 975 nisi

84 1005 151 1048 multo
166 1004 248 1056 labore,
264 1004 305 1058 legi
314 1005 392 1058 potest.
403 1003 478 1057 ltaque
488 1002 623 1056 lrielibellus‚
639 1003 673 1057 qm
684 1015 739 1054 nnnc
752 1001 864 1056 emittitur,
879 1001 951 1045 multis

82 1075 135 1119 loois
150 1074 204 1118 nihil
219 1072 260 1116 nisi
275 1076 357 1116 tentam
374 1073 475 1116 editionis
492 1073 594 1127 principis
605 1071 717 1117 Blanohini
727 1075 866 1124 retractatum
880 1084 951 1116 emen·

83 1146 199 1198 [latumque
214 1143 331 1198 praebebit.

152 1216 222 1258 Antea
238 1213 357 1269 complures
372 1213 524 1257 translationes
540 1214 640 1256 librorum
654 1226 761 1257 sacrorum
775 1213 853 1258 latinas
874 1212 950 1272 Hiero-

81 1299 145 1341 nymo
168 1283 307 1337 uetustiores,
331 1297 371 1338 qno
403 1285 533 1339 comparatio
558 1284 631 1327 barum
662 1296 732 1328 rerum
759 1283 950 1338 inuestigatoribus

82 1359 146 1409 esset,
163 1354 258 1399 edendas
281 1356 362 1398 ourani.
380 1355 439 1406 Quae
462 1367 517 1398 nana
533 1354 630 1398 confecta
654 1357 687 1398 est
705 1354 770 1398 editio
792 1354 884 1398 fortasse
900 1353 950 1398 mihi

83 1427 159 1473 ultima
174 1425 301 1470 erit—iam
318 1426 344 1470 rt
360 1438 427 1469 annos
443 1428 505 1469 natus
521 1438 566 1469 sam
584 1450 610 1455 —
628 1436 692 1479 narare
709 1426 792 1468 ueniam
808 1438 821 1468 a
836 1424 951 1468 lectoribus

83 1501 139 1553 peto,
156 1497 173 1540 si
189 1497 252 1540 nimis
267 1496 346 1540 multas
361 1496 448 1540 mendas
464 1495 591 1540 inuenerint.

152 1567 234 1618 Restat,
251 1569 275 1609 nt
290 1564 371 1621 gratias
395 1578 456 1619 rtatim
480 1566 584 1609 maximas
600 1566 708 1620 praelecto
727 1565 869 1610 bibliothecae
884 1566 950 1609 Vero-

82 1638 155 1681 nensis
171 1650 210 1693 [πο
222 1637 350 1680 liberalitate
366 1639 388 1679 et
404 1636 541 1693 benignitate,
557 1636 678 1691 quammihi
695 1649 797 1680 summanr
813 1636 951 1691 praestiterit,

82 1722 149 1764 agam.
181 1707 281 1751 Necnon
296 1718 360 1762 pares
376 1706 458 1763 gratias
475 1709 577 1760 omnibus,
596 1707 631 1763 qui
647 1706 668 1749 in
683 1707 723 1750 boo
739 1719 804 1761 opere
819 1705 870 1749 mihi
885 1718 951 1762 opera

82 1792 121 1823 oua
136 1779 258 1834 adfuerunt,
275 1791 321 1833 ago.

153 1907 298 1951 Christianiae
314 1919 386 1951 mense
402 1906 465 1949 Junio
483 1908 545 1951 1904.

687 2058 711 2112 t.
733 2057 879 2111 Belsbeim.
