1992 3390
47 273 66 311 (l.
75 272 96 312 '‘a.
301 267 427 318 {Euangelium
442 274 543 310 sectandum
555 274 644 311 hlarcunr.
880 273 919 316 121

46 414 122 458 scribis
138 416 239 458 sedentes
255 417 277 457 et
292 414 409 469 cogitantes
424 414 447 457 in
465 415 564 459 sordibus
580 416 623 459 suis
640 417 748 460 dicentes:
767 417 785 458 7.
802 414 844 459 Hic
865 415 919 458 blas-

45 487 139 540 phemat.
156 486 207 537 Quis
218 488 291 540 potest
302 485 409 528 dimittere
420 488 518 538 peccata,
529 487 569 528 uisi
581 487 639 530 solus
655 487 718 530 deus:
735 488 755 531 8.
772 486 817 539 tluo
830 487 918 540 cognito

46 554 111 600 lesus
125 556 146 599 iu
157 556 242 611 spiritu,
260 555 438 611 quideogitarent
454 555 510 598 intra
526 567 554 605 se,
572 556 623 598 dixit
640 555 694 599 illis:
712 557 762 611 quid
778 556 879 611 cogitatis
896 558 917 599 in

52 626 150 671 cordibus
166 627 261 670 uestris?
284 627 334 680 qnid
350 628 383 670 est
398 625 500 669 facilius?
523 626 593 668 dicere
608 626 739 681 paralytico:
762 627 854 670 remissa
869 629 920 670 suut
947 626 948 629 ’

49 701 136 752 peccata
150 700 193 750 tna,
215 699 254 741 aut
271 697 351 741 dicere:
376 695 445 750 Surge
461 699 483 740 et
498 695 598 739 ambula?
626 699 659 740 10.
675 697 705 739 Ut
721 698 799 754 sciatis,
815 697 917 752 qnoniam

46 770 177 823 potestatem
191 766 258 811 habet
273 768 329 811 lilius
344 767 434 810 hominis
459 766 580 810 remittendi
601 769 698 822 peccata,
722 768 761 818 (ait
776 764 915 824 paralyticol:

47 841 80 881 11.
98 837 170 892 Surge,
186 838 239 881 tolle
255 838 379 894 grabbatum
396 841 417 880 ct
433 837 490 880 uade
506 837 526 879 in
543 838 626 880 doricum
643 841 706 881 tuam.
732 840 757 881 12
778 838 828 893 lpse
845 842 916 882 autem

47 920 135 963 surgens
151 908 200 951 tulit
215 910 336 964 grabattum
353 921 420 951 coram
438 909 537 951 ornnibus
552 911 573 950 et
587 907 648 958 abiit,
677 908 706 951 ita
721 913 745 951 ut
760 908 863 951 mirantes
878 908 915 952 ho-

48 976 183 1021 norificarent
191 978 262 1030 deum,
275 979 372 1033 quoniam
383 979 457 1022 taliter
468 990 510 1021 nou
521 979 573 1021 talia
581 978 689 1021 uiderant.
703 979 734 1021 13.
743 978 771 1020 Et
781 979 832 1021 exiit
840 980 917 1022 iterum

46 1060 108 1092 secus
123 1060 186 1104 mare,
208 1049 322 1103 omnisque
337 1049 399 1092 turba
420 1049 522 1093 ueniebat
538 1050 563 1092 ad
580 1060 626 1092 eum
645 1052 666 1092 et
678 1047 766 1092 docebat
778 1061 819 1092 eos.
839 1050 872 1092 14.
889 1049 918 1092 Et

46 1131 93 1162 cum
110 1121 245 1174 praeteriret
268 1120 323 1163 uidit
345 1119 449 1163 Jacobum
473 1119 529 1163 Alfei
552 1119 662 1162 sedentem
686 1119 712 1162 ad
728 1119 833 1162 teloneum
850 1122 872 1161 et
887 1120 917 1163 ait

47 1188 90 1233 illi:
106 1201 195 1244 sequere
212 1203 252 1233 me¹
269 1190 298 1233 llt
314 1202 400 1245 surgens
411 1193 500 1234 secutus
511 1195 543 1233 est
551 1202 603 1232 oum.
614 1190 648 1233 15.
658 1190 686 1232 Et
694 1189 773 1232 factum
781 1192 814 1232 est
826 1189 917 1232 discum·

46 1259 144 1302 bentibus
161 1261 203 1303 illis
220 1262 242 1304 in
258 1261 327 1314 domo,
345 1260 404 1303 multi
421 1260 531 1316 publicani
547 1263 569 1302 et
584 1263 710 1313 peccatores
726 1259 787 1302 simul
803 1259 918 1303 recumbe-

46 1329 97 1373 bant
113 1342 160 1373 crim
175 1329 229 1374 lesu
245 1334 267 1373 et
283 1330 392 1384 discipulis
408 1331 468 1383 eius;
494 1334 555 1373 erant
577 1330 635 1373 euim
658 1330 719 1373 multi
743 1330 778 1384 qui
801 1332 823 1372 et
847 1331 915 1373 secuti

46 1403 96 1442 sunt
111 1393 165 1443 eurr.
189 1403 221 1445 16.
239 1400 266 1443 lli
283 1401 367 1444 scribae
381 1400 545 1443 Pharisaeorum
557 1404 580 1442 ut
596 1401 698 1443 uiderunt
714 1401 811 1454 alumnam
821 1401 916 1443 mandu-

45 1474 81 1513 cat
96 1482 143 1513 eum
159 1472 309 1525 peccatoribus
325 1473 346 1514 et
361 1470 488 1526 publicanis,
514 1471 611 1514 dicebaut
629 1471 741 1526 discipulis
757 1469 824 1514 illius:
850 1483 916 1525 quare

46 1552 93 1583 cunr
109 1540 227 1596 publicanis
244 1545 265 1584 et
274 1540 419 1596 peccatoribus
436 1540 565 1584 manducat?
582 1541 613 1584 17.
632 1540 722 1583 Etcum
739 1540 834 1583 audisset
844 1540 915 1591 Jesns,

46 1612 86 1654 ait:
103 1623 144 1653 uon
154 1616 216 1666 egent
232 1611 299 1655 fortes
316 1612 414 1662 medieas,
431 1612 470 1655 sed
486 1612 522 1666 qui
537 1611 591 1653 male
607 1609 698 1664 habeut3
715 1622 756 1653 uon
772 1611 823 1653 ueni
839 1623 915 1654 uocare

47 1681 115 1723 iustos
131 1681 167 1724 sed
183 1686 313 1735 peccatores
343 1683 373 1725 l8.
399 1681 428 1724 Et
451 1685 512 1725 erant
528 1681 626 1735 discipuli
644 1680 749 1724 lobannis
765 1683 786 1723 et
800 1681 912 1724 Pharisaei

48 1751 181 1803 ieiunantes;
205 1756 228 1795 et
249 1752 339 1796 uenhmt
359 1755 381 1795 et
400 1753 475 1795 dicunt
496 1752 528 1795 ei:
552 1764 617 1806 qnare
634 1751 734 1805 discipuli
750 1750 915 1794 Pharisaeorum

46 1825 68 1864 et
83 1820 186 1865 Jnhaunis
201 1822 306 1875 ieiunant,
322 1822 353 1864 tui
369 1827 440 1865 autem
457 1821 556 1876 discipuli
581 1835 621 1865 non
639 1821 751 1865 ieiunant?
782 1821 814 1864 19.
836 1820 866 1864 Et
887 1822 916 1864 ait

45 1892 99 1935 illis:
115 1892 216 1946 numquid
234 1895 323 1946 possunt
333 1890 371 1935 filii
387 1893 517 1947 nuptiarum,
533 1892 627 1947 quandiu
644 1905 691 1935 cum
708 1891 749 1935 illis
767 1895 914 1945 artaperses,

46 1963 160 2006 ieiunare?
175 1962 208 2006 20,
226 1961 322 2006 Uenient
337 1962 388 2015 dies,
406 1975 455 2005 curu
471 1963 582 2006 tolleretur
605 1963 632 2006 ab
649 1962 681 2006 eis
696 1974 793 2017 sponsus,
817 1964 840 2004 et
863 1965 915 2005 tune

45 2033 168 2076 ieiunabuot
176 2034 196 2075 in
213 2032 259 2077 illis
275 2032 356 2075 diebus.
373 2034 406 2077 21.
415 2032 485 2076 Nemo
495 2034 654 2077 commissuram
665 2033 730 2086 pauni
740 2033 788 2075 noui
800 2033 870 2075 assuit
878 2045 914 2075 ue·

46 2104 146 2146 stimanto
161 2103 238 2156 ueteri,
255 2103 347 2158 alioquin
363 2103 420 2146 tollit
437 2105 606 2158 supplementum
622 2115 703 2147 nouum
714 2115 726 2145 a
737 2105 809 2146 uetere
822 2107 844 2146 et
855 2095 914 2157 peior

45 2172 69 2217 tit
84 2173 181 2216 scissura.
199 2174 234 2216 22,
252 2172 280 2216 Et
295 2185 356 2216 nemo
372 2173 438 2216 mittit
454 2174 527 2217 niuniu
543 2186 620 2217 nouum
638 2175 660 2217 in
677 2179 736 2217 utres
760 2177 853 2225 ueteres,
878 2174 915 2216 sed

46 2244 67 2286 iu
83 2255 160 2300 nouos3
175 2243 272 2297 alioquin
289 2243 394 2298 dirumpet
410 2247 471 2287 utres
488 2248 510 2287 et
525 2244 595 2287 rrinrrm
612 2248 635 2287 et
650 2247 709 2288 utres
720 2243 877 2299 peribunttb.
888 2242 916 2286 Et

45 2313 123 2357 lactum
139 2317 171 2357 est
185 2325 233 2356 curu
249 2313 344 2357 sabbatis
360 2314 481 2357 ambularet
496 2328 533 2370 per
549 2318 641 2368 segetes,
663 2314 762 2368 discipuli
777 2315 824 2356 eius
840 2325 916 2368 coepe·

44 2388 95 2427 runt
110 2385 188 2427 uellere
204 2385 283 2438 spicas,
300 2386 333 2427 24.
350 2384 461 2428 Pharisaei
477 2390 548 2428 autem
564 2385 664 2428 dicebant
687 2385 729 2427 idi:
753 2396 800 2428 ecce
816 2384 869 2438 quid
885 2384 915 2427 f-

45 2455 103 2498 ciunt
115 2454 210 2509 discipuli
223 2455 255 2497 tui
267 2455 366 2509 sabbatis,
378 2456 433 2508 quod
446 2468 488 2498 non
499 2455 577 2499 licebat
591 2455 644 2499 eis?
660 2456 694 2499 25.
711 2455 739 2498 Et
754 2456 783 2499 ait
793 2454 851 2498 illis:
868 2453 915 2497 Non

45 2525 85 2568 hoc
99 2524 187 2578 legistis,
199 2525 252 2579 quid
267 2517 342 2568 fecerit
357 2525 435 2581 Dauid,
449 2539 495 2569 curu
510 2527 662 2570 necessitatem
678 2526 753 2569 babuit
767 2528 788 2568 et
803 2525 880 2568 esuriit
894 2527 915 2567 et

45 2595 81 2648 qui
96 2607 143 2638 curu
159 2590 194 2638 illo
210 2595 292 2638 eraut?
313 2597 346 2639 26.
363 2595 474 2647 Quomodo
490 2596 579 2639 intrauit
595 2599 616 2640 iu
634 2586 718 2640 domum
734 2596 767 2639 dei
783 2599 805 2638 et
825 2595 913 2638 mamlu-

45 2665 102 2708 cauit
117 2677 181 2721 panes
197 2666 351 2720 propositionis
372 2670 393 2709 et
409 2666 470 2709 dedit
486 2666 519 2710 his
535 2668 570 2722 qui
586 2680 635 2710 curn
651 2668 698 2722 ipso
714 2669 780 2717 erant,
802 2677 856 2719 qrros
872 2676 913 2707 non

44 2734 123 2779 licebat
138 2736 267 2779 manducare
289 2735 330 2778 uisi
354 2735 404 2780 solis
428 2737 590 2780 sacerdotibus?
622 2739 656 2782 27.
674 2737 727 2780 Dico
749 2735 820 2779 antem
844 2734 913 2785 uobis,

46 2806 95 2860 quia
111 2806 211 2850 sabbatus
227 2809 315 2860 propter
330 2806 436 2849 homiuem
453 2807 523 2850 factus
539 2811 577 2862 est,
598 2821 641 2850 uon
658 2807 719 2850 homo
735 2809 822 2861 propter
838 2805 914 2848 sabba·

44 2880 96 2920 tum.
112 2877 145 2919 28.
162 2874 217 2926 Quia
234 2876 331 2919 dominus
347 2879 380 2918 est
394 2876 452 2919 lilius
468 2878 560 2921 hominis
575 2879 640 2921 etiam
658 2876 747 2920 sablmti.

114 3016 153 3061 lll.
173 3019 189 3060 l.
206 3017 236 3059 Et
252 3028 298 3059 cum
314 3016 424 3059 introisset
440 3017 517 3060 iterum
534 3017 553 3060 in
570 3002 707 3071 synagogam,
729 3015 788 3059 uenit
808 3015 836 3058 ad
853 3015 914 3059 illum

44 3087 106 3130 homo
122 3100 203 3131 manum
222 3087 303 3143 aridam
319 3085 405 3131 habens.
423 3087 443 3130 t).
460 3086 489 3129 Et
505 3088 649 3130 obsecrabant
665 3099 718 3140 eum,
740 3087 756 3129 si
773 3086 863 3129 sabbato
877 3099 913 3130 eu-

44 3162 108 3210 raret,
124 3162 147 3201 ut
161 3161 289 3202 accusarent
303 3157 368 3202 illum.
385 3159 403 3211 3,
422 3158 451 3202 Et
467 3160 497 3200 ait
513 3158 589 3201 homiui
605 3158 643 3212 qui
660 3156 751 3201 habebat
767 3169 853 3201 manum
869 3158 911 3202 sri-
