1992 3390
93 277 132 322 128
363 273 486 320 Euangelium
499 272 598 310 seeundum
610 272 700 309 Marcum.
915 275 933 311 G.
948 281 964 313 5.

90 416 148 461 solus
159 415 248 459 interra
271 416 306 461 48.
316 416 346 459 Et
357 428 403 459 uum
415 414 500 459 inderet
510 416 558 460 illos
569 418 699 472 remigantes
711 419 733 460 et
744 416 867 462 laborantes
878 417 964 473 (555555

89 486 215 530 autemillis
227 487 346 530 contrarius
363 487 418 541 erat)
434 486 490 529 oiroa
505 490 601 541 quartam
617 492 691 531 autem
708 487 804 542 uigiliam
820 487 888 532 noetis
904 487 965 531 uenit

89 552 201 602 ambulans
218 569 283 611 supra
299 569 357 601 mare
373 561 395 600 et
411 556 497 605 uolebat
512 558 630 611 praeterire
647 571 691 601 eos.
715 559 749 602 49.
766 558 800 601 Ad
816 557 848 601 illi
864 560 887 600 ut
903 556 965 601 ulde-

90 629 138 670 runt
154 640 203 671 eum
220 626 363 671 ambulantem
372 639 438 682 supra
446 639 510 677 mare,
527 630 657 682 putauerunt
672 627 779 672 fantasma
795 640 842 672 esse
857 631 879 671 55
895 628 964 671 exala-

75 700 204 757 mauerunt
227 710 307 751 onmes,
334 698 368 742 55.
391 700 413 741 55
429 697 549 742 conturbati
573 703 628 752 sunt,
654 701 676 740 et
693 698 807 742 eonfestim
830 698 915 748 loeutus
931 702 965 742 est

90 767 132 810 illis
142 768 227 811 dioeus:
245 767 374 811 Constantes
389 770 465 820 estote,
482 781 520 822 ego
532 781 583 821 sum,
599 767 666 812 nolite
678 767 761 811 timere.
778 768 814 813 51.
830 769 858 812 Et
868 768 965 813 aseendit

90 838 116 881 ad
132 851 169 881 eos
186 837 207 879 in
223 837 343 881 nauiculam
367 841 389 882 et
405 838 498 881 cessauit
522 840 603 881 uentus.
626 838 655 880 Et
672 838 816 881 abundantius
833 839 889 881 intra
904 850 928 880 55
943 842 965 881 55

91 909 207 962 stupebant
223 912 245 951 55
261 907 406 962 mirabantur;
428 909 461 953 52.
478 907 590 951 nonenim
607 907 759 952 intellexerant
771 909 797 951 de
813 907 913 962 panibus,
930 921 965 951 eor

90 980 160 1022 autem
178 976 263 1021 illorum
286 978 384 1022 obtusum
401 980 453 1021 erat.
467 979 511 1023 53.
533 978 562 1022 Et
577 977 741 1022 transfretantes
757 978 808 1022 iude
821 981 928 1034 55555555
943 978 965 1021 in

90 1052 167 1091 terram
185 1047 304 1092 Gennesar.
321 1048 355 1092 54.
371 1048 400 1092 Et
416 1060 463 1090 oum
479 1048 573 1092 exissent
588 1049 613 1093 de
629 1049 686 1100 rraui,
697 1048 800 1093 oontinuo
817 1052 965 1103 cognorerunt

90 1118 159 1173 illum;
184 1117 219 1163 55.
236 1122 258 1162 et
278 1117 358 1163 oiroum
380 1123 491 1162 turrentes
514 1111 634 1163 niriuersanr
657 1119 762 1163 eontinem
782 1119 876 1174 regionis
899 1118 963 1163 illius.

91 1192 209 1245 coeperunt
232 1190 254 1233 in
270 1188 375 1244 grabattis
397 1189 480 1233 adferre
501 1202 572 1232 omnes
589 1189 644 1233 male
659 1189 771 1242 habentes,
788 1188 965 1233 oiroumlerebant

92 1263 162 1305 autem
183 1260 239 1311 illos,
263 1260 390 1315 ubicumque
411 1260 526 1304 audiebant
538 1272 585 1304 5555
605 1260 687 1304 desum.
709 1260 743 1304 55.
765 1258 795 1303 Et
817 1259 965 1314 quodcumque

90 1332 132 1374 iret
140 1331 161 1374 in
172 1330 274 1380 oastellis,
290 1331 325 1374 uel
337 1331 400 1385 uilhs,
410 1329 442 1373 uel
455 1329 585 1383 raritatibus,
596 1331 617 1374 in
628 1330 715 1385 plateis,
727 1328 835 1384 ponebant
853 1328 964 1373 uniuersos

91 1406 112 1445 et
123 1400 225 1456 infirmos,
242 1403 264 1444 et
275 1401 380 1457 rogabant
391 1414 446 1456 euni,
458 1403 481 1444 ut
493 1399 640 1444 uellimbriam
651 1400 776 1444 uestimenti
788 1401 834 1444 eius
845 1403 964 1455 tangerent,

92 1476 113 1515 et
128 1473 257 1527 quienmque
273 1472 396 1527 tangebant,
413 1471 467 1514 salui
483 1469 569 1514 fiebant,

160 1611 216 1658 Vll.
227 1616 253 1657 l.
270 1614 299 1656 55
315 1616 461 1657 conuenerunt
476 1587 503 1655 ad
519 1625 566 1656 euin
578 1610 686 1663 Pharisaei
703 1613 725 1654 55
741 1611 827 1666 quidam
845 1611 871 1655 55
881 1611 965 1663 scribis,

91 1683 126 1738 qui
142 1686 250 1727 uenerant
265 1684 291 1728 ab
307 1682 469 1737 Hierosolymis.
487 1684 506 1724 2.
524 1680 575 1725 Cum
588 1682 686 1725 uiderent
698 1683 801 1735 quosdam
817 1696 842 1726 ex
854 1681 965 1736 discipulis

91 1754 137 1797 eius
146 1766 190 1807 non
199 1752 251 1796 lotis
260 1753 357 1796 manibus
366 1752 495 1796 manduoare
512 1764 593 1806 pamm.
610 1755 629 1797 3,
646 1751 758 1797 Pharisaei
775 1754 846 1796 autem
857 1754 878 1795 et
892 1764 964 1795 omnes

91 1823 175 1879 iudaei,
191 1823 234 1866 nisi
251 1823 341 1867 subinde
358 1823 452 1867 lauerint
467 1835 548 1875 uranus,
571 1835 611 1877 non
627 1823 759 1878 manducant
772 1835 848 1877 panem
865 1824 964 1866 tenentes

91 1895 228 1939 traditionem
251 1894 365 1937 seniorum.
387 1894 408 1937 4.
430 1891 459 1936 Et
475 1906 487 1936 a
502 1892 547 1936 foro
571 1905 618 1936 euin
635 1893 741 1945 uenerint,
765 1893 807 1936 nisi
822 1892 963 1946 baptizentur,

92 1964 161 2008 oiburn
178 1976 221 2007 non
243 1964 331 2019 oapiunt
347 1966 368 2006 55
383 1962 426 2007 alia
447 1962 514 2006 multa
535 1966 591 2016 sunt,
612 1975 668 2017 5555
689 1966 818 2017 5555555555
839 1966 920 2015 555555,
940 1966 964 2005 55

91 2035 202 2090 baptizent
223 2033 300 2078 calioes
317 2037 338 2078 55
354 2046 430 2078 uri-eos
451 2036 473 2076 et
488 2037 609 2077 aeramenta
630 2037 652 2077 55
669 2033 742 2077 leotos.
766 2036 787 2076 5.
803 2032 832 2077 Et
848 2033 964 2088 interroga-

91 2106 142 2148 bant
165 2117 213 2148 eum
236 2104 345 2148 Pharisaei
362 2109 382 2147 et
404 2103 496 2147 scribae:
525 2104 595 2156 Quare
617 2103 719 2159 discipuli
740 2104 772 2147 tui
793 2116 835 2147 non
856 2102 965 2156 ambulant

92 2176 209 2219 seeundum
231 2174 367 2218 traditionem
390 2174 503 2226 seniorum,
525 2174 562 2217 sed
578 2175 650 2218 inlotis
672 2174 770 2217 manibus
791 2174 858 2217 edunt
873 2174 964 2228 praxean?

91 2248 110 2290 5.
132 2246 164 2289 55
187 2244 224 2289 ille
247 2246 379 2300 respondeus
401 2243 467 2288 dixit:
492 2244 593 2296 55555555
617 2245 671 2289 5555
692 2245 831 2300 prophetauit
846 2243 922 2289 Eseias
939 2244 965 2287 55

91 2317 158 2370 uobis,
180 2315 306 2370 hypocritis,
328 2316 364 2370 qui
380 2315 445 2359 dixit:
467 2315 528 2370 plebs
543 2315 596 2359 liaeo
610 2315 674 2359 labiis
690 2328 725 2359 me
740 2315 817 2370 diligit,
842 2327 878 2357 oor
894 2317 964 2359 autem

92 2400 162 2431 eorum
180 2387 244 2442 longe
260 2390 293 2430 555
306 2399 318 2429 5
333 2399 373 2430 me.
391 2387 409 2430 7.
427 2385 476 2429 Sine
493 2399 557 2431 eausa
573 2390 642 2431 autem
658 2399 693 2429 me
709 2386 782 2429 colunt
794 2386 900 2436 55555555
916 2385 964 2429 555-

91 2459 158 2502 trinas
175 2459 292 2513 praesepta
308 2457 422 2500 hominum.
447 2457 466 2501 8.
483 2457 602 2512 Baptismus
618 2457 714 2501 catinum
731 2459 752 2500 et
770 2455 873 2500 orciolum
885 2458 906 2499 et
923 2455 964 2499 alia

92 2528 169 2571 similia
185 2527 253 2570 multa
269 2527 391 2571 huiusmodi
407 2526 486 2581 tacitis,
502 2528 575 2571 relioto
592 2531 710 2583 praecepto
727 2528 767 2581 dei,
784 2529 883 2571 tenentes
898 2527 964 2571 tradi-

92 2599 160 2643 tiones
176 2598 291 2641 hominum.
318 2599 337 2642 5.
354 2598 383 2641 Et
399 2597 483 2641 dicebat
499 2598 552 2642 illis:
577 2599 630 2642 bene
647 2599 734 2642 irritum
750 2598 821 2641 facitis
841 2597 965 2646 mandatum

92 2669 133 2722 dei,
151 2673 174 2712 ut
190 2668 329 2712 traditionem
341 2671 434 2712 uestram
447 2669 552 2712 statuatis
573 2670 604 2712 10.
621 2668 708 2724 hloyxes
721 2672 791 2713 555555
805 2668 869 2712 dixit:
885 2667 965 2713 honora

92 2744 175 2795 patrem
204 2742 264 2782 tuum
293 2743 314 2782 et
340 2742 431 2783 matrerm
457 2742 521 2790 tuam,
547 2742 579 2781 et:
603 2739 638 2793 qui
665 2739 801 2782 maledixerit
821 2741 902 2793 patrem
929 2741 965 2782 555

92 2814 188 2864 matrem,
204 2810 268 2853 morti
284 2810 393 2854 moriatur.
412 2811 444 2852 ll.
461 2808 506 2853 Uos
522 2811 592 2853 autern
604 2808 689 2852 dicitis:
706 2809 728 2853 si
740 2809 820 2853 dixerit
830 2809 891 2852 bomo
907 2810 964 2864 patri

92 2885 129 2926 aut
144 2881 220 2925 matri:
239 2879 323 2924 Gorbau
340 2881 406 2936 (5555
417 2883 450 2924 555
461 2881 547 2935 rrrunus)
562 2881 713 2935 quodcumque
730 2893 754 2923 ex
770 2893 804 2923 me
814 2880 963 2934 tlhiproderit,

93 2954 125 2996 12.
142 2953 185 2996 iam
202 2963 244 2994 555
262 2951 371 2995 dimittitis
388 2964 436 2995 eum
452 2951 563 3006 qrrioquam
578 2950 650 2994 faeere
666 2951 724 3005 patri
740 2952 777 2993 555
793 2949 865 3003 matri,
886 2951 916 2994 13.
934 2951 964 2998 in-

43 3073 44 3076 *
93 3021 205 3066 firmantes
230 3021 318 3065 uerbum
335 3021 369 3064 dei
386 3024 424 3075 per
439 3021 576 3065 traditionem
601 3025 695 3065 uestram
719 3021 813 3073 stultam,
837 3033 898 3075 quarn
922 3023 964 3064 tra-

95 3092 185 3145 didistis,
203 3095 225 3136 et
241 3092 319 3137 similia
335 3092 377 3135 ista
393 3090 460 3134 multa
475 3090 553 3135 laoitis.
572 3093 603 3136 14.
619 3092 648 3135 Et
666 3092 779 3135 aduocatis
797 3092 873 3135 iterum
889 3091 964 3145 turbis,

94 3162 180 3206 dicebat
202 3162 254 3207 illis:
281 3162 355 3207 audite
372 3174 405 3205 me
421 3173 493 3205 omnes
510 3165 531 3204 et
557 3162 682 3217 intellegite.
710 3163 741 3205 lb.
757 3159 818 3204 Nihil
836 3161 964 3208 astatoria
