1992 3390
48 261 67 298 G.
80 266 96 297 3.
306 263 428 309 Euangeliou
442 263 541 301 secundum
555 263 656 300 Lucanum.
890 269 918 311 83

47 405 83 460 qui
98 405 139 449 fuit
155 405 245 458 Senicio,
262 406 298 460 qui
315 405 356 449 fuit
372 405 457 458 Josech,
474 407 510 460 qui
526 406 566 448 fuit
587 406 663 459 dudae
680 408 713 451 27.
731 410 766 462 qui
782 409 822 453 fuit
843 410 918 461 Jonas,

47 475 82 529 qui
98 476 140 519 fuit
162 476 238 531 diceas,
262 476 298 530 qui
314 475 356 518 fnit
371 475 496 531 Zorobabcb
520 477 557 531 qni
573 477 615 520 fuit
631 477 727 529 Sataticb
744 478 778 533 qui
802 480 844 523 fuit
859 479 918 532 Neri,

47 546 83 600 qui
98 546 139 589 init
154 546 241 598 bdelclri,
272 548 306 591 28,
323 547 359 600 qui
374 545 416 589 fuit
431 545 493 599 Adai,
515 547 551 601 qui
567 547 608 590 fuit
626 546 700 601 Gosae,
718 548 753 602 qui
768 549 809 593 fuit
825 550 914 594 Henna-

47 618 101 670 dam
133 619 168 661 29.
185 618 220 671 qui
236 616 322 669 iuitEr,
340 616 376 671 qui
391 616 432 659 fnit
447 616 507 669 Jesu,
523 616 559 671 qui
575 618 717 670 fuitEliezer,
734 619 771 673 qui
785 619 827 663 iuit
842 620 917 673 Jorirn,

47 688 82 742 qui
99 688 141 731 fuit
157 687 246 742 itiattba¹
263 689 297 732 30.
314 688 351 742 qui
366 686 407 730 fuit
422 687 504 742 Symae,
521 687 556 742 qui
571 688 612 731 fuit
628 688 704 741 dudae,
722 690 759 742 qui
774 689 815 734 iuit
830 691 917 746 ioseph,

47 760 82 802 34.
99 760 134 813 qui
151 759 192 802 init
208 758 283 814 Jonae,
300 759 334 812 qui
346 757 386 800 fuit
401 757 514 815 Eliachim,
526 758 562 812 qui
575 759 615 802 fuit
626 759 694 814 Euan,
705 759 742 813 qui
753 759 794 802 fuit
804 761 917 813 biaut-<atha

47 829 83 883 qui
100 829 140 872 fuit
157 828 233 882 Natan,
264 819 298 873 32.
321 829 356 883 qui
372 827 413 871 fuit
429 828 505 880 Dauid,
522 829 558 882 qui
573 829 615 872 fuit
630 829 713 885 Jessac,
729 831 765 883 qui
782 830 822 875 fuit
839 831 917 886 Obatb‚

48 900 83 954 qui
99 900 210 952 iuitssoos‚
227 900 263 953 qui
279 898 320 942 init
334 898 427 950 Satmon,
445 899 481 953 qni
497 897 538 942 fuit
549 900 652 952 Naasson,
669 901 702 943 33.
719 902 755 954 qui
771 900 812 944 fuit
828 902 914 945 Amina-

47 971 95 1024 dab‚
112 971 147 1025 qui
162 971 203 1013 fuit
219 971 289 1021 Aram,
313 970 348 1023 qui
364 969 406 1013 fuit
428 969 521 1024 Joaram,
541 971 577 1023 qui
599 969 640 1013 fou
664 970 741 1020 Esron,
765 972 798 1015 34.
823 973 860 1026 qui
876 972 916 1015 fuit

47 1041 121 1094 raas,
137 1042 174 1096 qui
188 1040 230 1084 fuit
245 1040 258 1083 J
261 1041 323 1093 udae,
339 1041 375 1095 qui
391 1040 432 1083 fuit
443 1040 456 1083 J
458 1041 515 1094 acob,
535 1042 571 1094 qni
583 1040 688 1095 brittene,
705 1042 741 1097 qui
752 1042 794 1085 iuit
804 1043 918 1094 Abrabam,

48 1112 84 1166 qui
99 1112 140 1155 fuit
155 1147 160 1156 .
176 1145 181 1154 .
198 1146 202 1154 .
220 1112 254 1156 35.
271 1110 308 1166 qui
324 1111 366 1154 init
382 1110 401 1153 N
419 1144 422 1152 .
440 1144 444 1153 .
462 1145 465 1154 .
483 1112 520 1163 qui
536 1111 578 1155 fuit
589 1111 660 1165 Seruo,
677 1114 712 1167 qui
729 1112 770 1157 fuit
785 1113 866 1168 Ragau,
883 1114 918 1168 qui

47 1182 88 1226 init
104 1183 188 1235 Phasim,
211 1183 248 1237 qni
264 1181 305 1225 fuit
321 1181 385 1235 iiber,
416 1183 450 1226 36.
468 1181 505 1236 qui
520 1182 562 1225 iuit
578 1182 645 1239 Saiec,
667 1182 703 1236 qui
719 1183 760 1226 fuit
777 1183 864 1235 Ouiana,
883 1185 919 1238 qui

47 1254 89 1297 fuit
106 1253 200 1304 Artaxat,
226 1253 262 1307 qui
285 1252 326 1295 fuit
347 1252 402 1302 Sem,
426 1253 462 1306 qui
477 1252 518 1296 iuit
534 1252 586 1306 Noe¹
603 1253 637 1296 37.
660 1254 696 1306 qui
711 1253 753 1297 fuit
768 1254 867 1308 Lamech,
884 1255 919 1309 qui

47 1324 89 1367 fuit
105 1324 217 1377 matusale,
240 1324 277 1377 qui
293 1322 335 1377 fuit
349 1323 415 1376 Enoc,
439 1323 475 1377 qui
491 1322 533 1366 fuit
553 1322 635 1376 daretb,
652 1323 685 1367 38.
703 1323 740 1377 qui
756 1324 798 1367 iuit
810 1324 919 1381 'dinisleet

49 1395 85 1449 qui
100 1394 141 1438 fuit
156 1395 237 1449 tenax,
254 1395 290 1448 qui
306 1394 347 1437 fuit
362 1393 427 1447 Eoos,
444 1393 479 1448 qui
495 1393 536 1436 fuit
556 1392 615 1449 Seth,
627 1394 664 1448 qui
680 1393 721 1437 fuit
736 1394 811 1449 Adam,
828 1395 864 1449 qui
880 1394 921 1439 fuit

49 1465 105 1510 iilius
121 1466 162 1509 dei.

119 1606 157 1651 IV.
176 1608 194 1649 1.
210 1605 223 1648 J
226 1607 352 1649 esusautem
361 1604 436 1660 plenus
445 1604 520 1659 spirito
530 1608 604 1649 sancto
612 1618 711 1649 reuersus
726 1608 759 1649 est
768 1606 794 1648 ab
804 1605 920 1660 tornacen,

49 1679 93 1720 det
108 1677 210 1731 agebatur
225 1678 246 1721 iu
263 1677 348 1720 deserto
365 1676 440 1719 diebus
456 1676 507 1729 XL.³
524 1676 670 1731 temptabatur
685 1689 697 1719 a
713 1676 812 1732 diabulo;
829 1679 851 1719 ct
868 1677 920 1720 nibil

49 1747 186 1790 manducabit
202 1747 277 1791 diebus
293 1746 343 1800 illis,
366 1749 388 1789 et
404 1748 554 1790 consummatis
569 1747 613 1790 illis
629 1747 704 1791 diebus
720 1747 802 1790 esuriit.
824 1749 843 1791 3.
860 1747 921 1791 Dixit

49 1820 119 1860 autem
136 1817 167 1860 illi
183 1818 292 1862 diabotus:
316 1817 338 1861 Si
352 1815 409 1860 filins
425 1817 458 1860 dei
474 1829 504 1869 es,
528 1817 562 1860 dic
576 1816 644 1872 lapidi
667 1816 723 1871 huic,
747 1820 771 1860 ut
793 1816 831 1861 fiat
852 1819 920 1872 panis.

50 1888 70 1931 4.
86 1889 116 1932 Et
130 1889 242 1943 respondit
257 1889 284 1932 ad
300 1888 359 1932 illum
376 1887 439 1931 Jesus
461 1891 483 1931 ct
503 1887 568 1931 dixit:
592 1886 698 1943 Scriptum
713 1890 756 1931 est:
774 1889 824 1941 quia
842 1901 884 1932 nou
900 1889 921 1931 in

49 1971 104 2012 pane
119 1959 164 2002 solo
180 1959 240 2002 uiuet
256 1959 324 2009 bouis,
342 1959 379 2001 sed
398 1958 419 2000 iu
436 1959 492 2001 omni
511 1957 578 2001 uerbo
602 1958 643 2000 dei.
667 1958 687 2001 9.
703 1958 732 2001 Et
747 1958 809 2010 duxit
824 1958 883 2001 illurn
899 1959 920 2002 in

50 2028 185 2073 Hierusalem
196 2032 219 2073 ct
230 2030 306 2072 statuit
317 2029 376 2072 ilium
393 2041 458 2083 super
473 2029 559 2083 pinnam
570 2029 643 2082 templi
660 2031 681 2071 et
702 2029 755 2073 dixit
771 2029 813 2073 iili:
831 2030 852 2073 Si
864 2029 920 2072 iilius

50 2099 84 2142 dei
101 2113 130 2155 es,
146 2100 243 2143 mittete
259 2099 308 2143 hinc
316 2100 421 2143 deorsum.
440 2100 472 2144 rb,
482 2097 589 2153 Scriptum
600 2099 704 2152 estenirn,
721 2100 777 2154 quod
788 2100 868 2156 augetis
877 2101 921 2144 suis

49 2170 158 2213 urandabit
174 2171 200 2213 de
216 2172 244 2224 te,
260 2173 284 2213 ut
300 2172 427 2213 conseruent
447 2172 469 2212 te
489 2172 511 2212 ct
531 2169 665 2213 inmanibus
688 2170 765 2213 tollant
785 2173 806 2213 te
838 2172 879 2225 (1.,
895 2184 922 2213 ne

50 2240 104 2284 forte
128 2240 222 2285 offendas
238 2241 264 2283 ud
280 2239 372 2296 lapidem
394 2242 469 2295 pedem
489 2242 556 2283 tuum.
581 2241 613 2283 12.
630 2240 658 2284 Et
673 2241 804 2294 respondeus
820 2240 874 2285 dixit
891 2241 922 2284 iiii

50 2311 124 2355 desus:
141 2311 247 2367 Scriptum
263 2315 306 2355 est:
324 2325 364 2355 nou
381 2311 473 2355 tentabis
490 2311 598 2354 domiuum
614 2310 678 2354 deum
694 2314 760 2354 tuum.
780 2312 799 2355 5.
816 2311 845 2354 Et
861 2312 922 2355 duxit

50 2382 109 2425 illum
126 2382 222 2426 diabolus
239 2385 260 2425 et
276 2383 370 2426 ostendit
387 2382 497 2425 iiiiomnia
518 2394 584 2436 regna
606 2381 663 2424 orbis
679 2383 749 2425 terrae
771 2386 792 2424 in
815 2387 922 2426 momentu

50 2454 153 2508 temporis
177 2455 196 2497 6.
213 2457 234 2497 et
250 2454 280 2497 ait
295 2454 321 2496 ad
332 2454 403 2496 illurn:
419 2452 467 2496 Tibi
479 2453 532 2496 (tabo
544 2456 672 2507 potestatem
689 2454 743 2496 hanc
760 2453 883 2497 uniuersam
900 2456 922 2496 et

50 2524 139 2578 gloriam
155 2524 308 2579 illorum,quia
330 2523 383 2566 mihi
405 2524 486 2566 tradita
509 2527 558 2567 sunt
579 2527 601 2567 et
622 2523 655 2567 cni
671 2523 726 2576 uolo,
749 2525 775 2566 do
791 2536 844 2579 cani,
869 2527 887 2568 1.
899 2528 921 2567 tu

50 2607 101 2648 ergo
117 2595 135 2637 si
152 2594 265 2649 procidens
282 2594 404 2638 saturareris
422 2598 472 2638 aute
488 2606 528 2647 mc,
550 2597 612 2637 crunt
628 2595 700 2637 omnia
715 2597 752 2637 tua
768 2584 826 2638 tinec.
858 2596 877 2639 8.
893 2594 923 2637 Ε(

50 2666 181 2721 respondeus
194 2665 247 2709 dixit
263 2665 293 2708 iiii
309 2665 385 2709 iesus:
402 2665 461 2708 Vade
473 2669 522 2719 post
538 2678 570 2708 mc
587 2665 685 2707 satanael
703 2665 804 2719 scriptum
814 2665 920 2708 csteuim:

51 2737 158 2780 dominum
175 2736 237 2779 deum
254 2739 313 2778 tunm
329 2735 429 2778 adorabis
445 2738 466 2778 et
482 2735 513 2778 ilii
529 2735 568 2778 soli
579 2736 665 2778 seruies
684 2737 716 2778 13.
734 2735 762 2778 Ε(
778 2738 921 2778 consummata

51 2808 107 2850 onrni
123 2808 263 2861 temptatione
279 2805 376 2850 diabolus
392 2806 484 2849 recessit
499 2806 524 2848 ab
541 2805 576 2848 ilio
592 2817 659 2859 nsque
678 2807 704 2849 ad
721 2808 810 2860 tempus.
844 2806 877 2848 14.
893 2805 922 2847 Ε(

51 2891 149 2932 egressus
165 2878 270 2921 estdesus
286 2878 307 2920 in
323 2877 403 2920 uirtute
420 2877 508 2930 spiritus
525 2876 545 2918 iu
558 2875 682 2932 (taddaeum,
699 2880 720 2919 et
737 2877 793 2918 iarun
808 2876 854 2918 eius
870 2876 922 2918 exiit

52 2962 89 3003 pcr
104 2948 227 2992 uniuersam
244 2949 351 3002 regionem
368 2947 394 2990 de
409 2947 453 2990 ilio.
470 2947 504 2990 15.
521 2947 550 2990 Ε(
564 2948 610 3000 ipse
627 2947 716 2990 docebat
733 2947 753 2989 in
770 2946 883 2999 synagogis
901 2947 922 2987 et

51 3018 228 3075 rnagniiicabatur
245 3019 270 3061 ab
287 3018 390 3061 ornuibus.
410 3019 442 3061 16.
459 3017 487 3060 Ε(
503 3019 563 3060 uenit
571 3019 592 3060 iu
601 3017 708 3060 Nazareth
719 3016 754 3058 ubi
765 3019 811 3058 erat
827 3016 922 3059 nutritus

52 3093 73 3133 et
89 3092 178 3134 intrauit
194 3091 309 3133 secundum
331 3089 505 3132 cousuetudinem
527 3101 587 3133 suain
603 3088 638 3131 (iic
653 3087 736 3130 sabboti
756 3087 777 3128 in
794 3098 923 3141 synagogam

53 3165 75 3205 ct
90 3163 183 3205 surrexit
198 3161 276 3216 legere.
295 3162 326 3203 ii.
342 3160 371 3203 Ε(
387 3159 479 3221 traditus
500 3162 533 3203 est
554 3160 584 3201 ilii
598 3158 652 3201 iiber
671 3156 786 3212 prophetae
802 3157 886 3208 Eseiae,
903 3160 924 3201 et

798 3250 817 3286 [344
