1992 3390
95 284 136 326 112
353 278 474 325 Errangolinm
487 277 587 315 secundnm
600 278 694 313 ercnunm
902 280 920 316 C.
934 285 961 317 ·66,

94 421 610 477 666666,66666·666,···66666666666661666666666
632 422 912 477 666661666666666666666666
928 436 961 466 66-

93 493 148 547 grta
140 493 234 537 rombrs
250 493 342 536 seculari
345 491 421 546 bnaet
399 495 469 547 etqsu
467 492 590 536 eruenrat
584 505 606 535 66
617 505 655 537 666
671 495 745 548 repen
748 503 814 537 666
828 494 924 538 ...t35
915 497 961 537 tan·

92 576 154 617 qnam
171 564 262 617 laqueus
278 563 416 617 superveniet
432 563 487 606 66666
510 563 531 606 666
548 574 627 619 omnes,
649 563 684 618 qui
701 563 775 607 6661666
798 575 863 618 snper
885 564 962 608 6666666

92 634 161 677 omnis
184 638 261 677 terrae.
293 635 328 678 36
352 633 536 689 Urgrlaeraqne
553 646 608 678 6666
631 636 727 688 tempore
748 643 808 677 66666
810 647 875 687 66,
878 635 961 690 6616666

93 704 216 748 1666666666
233 704 327 759 effugere
346 704 388 747 6666
403 716 481 757 6666666
499 705 641 759 6666666666
657 708 712 758 666
737 707 792 748 6666
785 704 844 749 abr
830 711 857 749 rs
873 704 962 747 66666

94 776 146 818 lium
162 775 260 820 nonanis
276 776 311 819 36
327 775 381 818 Ε666
373 776 489 819 tantem
484 778 539 819 66666·
560 777 638 819 diam<
631 775 730 838 6’166666
725 788 747 819 66
764 777 848 831 templo,
864 776 962 820 noctibus

94 859 145 889 uero
161 846 234 889 6666666
249 846 381 890 auocabatur
391 847 412 889 in
424 848 500 899 monte,
518 847 554 901 qni
564 846 680 890 uocabatur
696 845 782 891 01166666,
802 848 834 891 38.
853 846 880 889 Et
895 847 962 890 omnis

95 916 186 972 populus
202 917 324 960 manicabat
339 917 361 959 in
378 917 463 972 templo,
480 917 554 960 audire
570 929 625 960 eurn.

165 1072 234 1115 XXII.
253 1060 271 1101 1.
284 1058 427 1112 AdpropIanit
443 1061 513 1100 antem
526 1059 571 1102 dies
582 1058 704 1115 azimorum,
716 1071 770 1113 quae
787 1059 865 1102 dicitnr
876 1058 960 1114 paseha,

94 1132 114 1175 2
132 1144 143 1173 6
145 1129 292 1185 tquaerebent
307 1128 415 1183 principes
431 1128 529 1172 sacerdo
531 1132 598 1171 6666
589 1128 743 1183 6666616666
722 1130 825 1183 qromolo
837 1141 884 1171 6666
897 1129 962 1172 66666

96 1199 191 1254 licerent,
214 1198 319 1242 timebant
310 1202 394 1241 66666
417 1198 507 1253 plebem.
531 1200 551 1242 3.
577 1197 670 1241 intrauit
696 1203 765 1242 autem
787 1201 872 1243 saonae
888 1200 909 1242 in
925 1199 964 1243 Ju-

95 1272 150 1322 dam,
174 1270 210 1325 qui
234 1269 423 1324 cognominabatur
444 1268 548 1322 66666666
564 1281 619 1312 arnus
646 1269 716 1312 6161
718 1270 744 1323 1,1
771 1271 790 1312 4.
818 1273 839 1314 66
831 1269 964 1314 tabiitt
943 1274 964 1314 66

94 1342 179 1384 6666666
205 1344 238 1383 666
262 1353 308 1383 cum
339 1339 473 1394 principibus
504 1339 691 1383 sacerdotumt
670 1343 691 1383 66
716 1340 798 1397 scribis,
829 1342 963 1395 quemne-imo

95 1412 222 1456 dnm...
246 1412 343 1455 traderet
366 1411 402 1454 eis.
434 1413 453 1454 5.
477 1409 506 1453 Et
531 1410 586 1464 pacti
602 1412 651 1453 6666
669 1411 780 1465 pecuniam
805 1411 861 1454 clare.
892 1413 911 1455 6.
935 1412 964 1454 Et

96 1483 215 1538 quaerebat
231 1483 421 1537 opportunitatem,
437 1483 461 1524 ut
475 1481 571 1524 traderet
586 1480 646 1523 illum
662 1482 708 1524 6666
724 1481 786 1524 turba
802 1482 839 1526 eis.
863 1478 882 1525 6.
899 1482 964 1526 Uenit

96 1556 167 1596 autem
184 1553 230 1596 dies
245 1553 344 1608 paschae,
368 1553 389 1595 in
406 1565 447 1607 qua
462 1564 551 1595 necesse
575 1554 620 1595 6666
644 1552 711 1596 6666666
734 1552 819 1606 pascha,
843 1553 893 1596 8et
908 1553 964 1597 misit

95 1625 182 1667 Petrum
198 1626 220 1666 66
235 1623 347 1667 Jolranuen
360 1656 364 1665 .
377 1655 382 1665 .
397 1639 433 1666 ..ι
454 1622 544 1678 Ε666666,
568 1625 643 1679 parate
659 1623 719 1667 nobis
735 1624 820 1678 pascha,
838 1626 862 1666 ut
877 1624 963 1666 maudu-

96 1707 174 1739 cemus.
198 1696 216 1738 9.
229 1694 266 1737 Ad
281 1694 312 1737 6666
329 1694 439 1737 dixerunt:
457 1691 499 1737 Ubi
515 1693 548 1737 bis
563 1705 670 1749 paremus.
695 1695 728 1738 10.
749 1693 778 1736 ut
794 1694 847 1737 dixit
862 1695 890 1738 ad
904 1695 963 1738 illos:

96 1765 153 1809 Ecce
169 1764 326 1809 introeuntibus
350 1763 411 1807 uobis
426 1764 448 1806 in
465 1764 552 1808 ciuitate
571 1768 668 1808 occurret
687 1765 747 1808 666666
765 1764 826 1809 bomo
847 1765 964 1820 anphoram

97 1848 165 1889 aquae
189 1839 284 1891 portans,
308 1835 420 1889 sequimini
442 1848 490 1878 eum
511 1835 532 1877 in
556 1836 646 1888 domum,
670 1836 691 1878 in
708 1848 769 1889 quam
785 1837 861 1889 intrat3
894 1839 926 1881 11.
944 1844 965 1879 66

98 1905 174 1950 dicetis
185 1906 348 1960 patrifamiliae:
358 1905 465 1948 Dicettibi
473 1906 575 1960 magister
584 1905 632 1948 :Ubi
641 1909 674 1949 est
684 1907 831 1960 6166666666666,
841 1907 876 1950 ubi
888 1907 965 1962 pascha

29 1979 30 1982 ’
99 1989 146 2018 6666
162 1976 275 2031 discipulis
290 1976 344 2020 meis
360 1975 501 2019 manducem?
518 1977 552 2019 1.2
518 1975 597 2019 16Ε
588 1974 827 2021 661166666666666666166
837 1990 872 2032 pec
870 1978 965 2032 leplano

97 2046 282 2090 1666666666666
299 2059 410 2101 magnum
431 2046 460 2089 rbr
476 2050 556 2100 para
591 2048 623 2090 13.
647 2047 704 2090 Fun
695 2050 729 2090 es
745 2051 781 2090 au
784 2061 815 2091 666
831 2050 965 2099 666666666666

97 2117 154 2161 66666
145 2118 223 2161 6616666
239 2119 320 2161 6116666
311 2119 466 2171 tparauerunt
486 2117 608 2171 paschal
599 2117 631 2160 14
655 2117 683 2160 Ε6
676 2123 745 2161 666666
738 2118 890 2163 66666666666
881 2119 964 2172 616666,

98 2188 206 2233 discubuit
222 2191 243 2231 66
259 2187 349 2243 apostoli
367 2201 413 2231 cum
429 2188 472 2230 illo.
491 2187 523 2231 15.
540 2187 569 2231 Et
584 2188 614 2230 ait
630 2187 683 2232 illis:
708 2188 819 2232 Desiderio
844 2189 964 2233 desiderant

97 2258 137 2303 boc
151 2259 232 2314 pascha
247 2260 375 2303 manducare
391 2259 458 2310 uobis,
480 2261 592 2313 antequam
609 2259 685 2313 patiar.
710 2261 741 2303 66.
757 2260 851 2303 Dicor
825 2273 851 2304 er
854 2273 882 2303 rm
898 2261 965 2314 nobis,

99 2329 149 2383 qnia
169 2343 195 2373 66
212 2331 251 2374 boc
267 2343 307 2373 666
324 2329 456 2374 manducabo
472 2328 531 2382 661666,
548 2329 647 2373 donec..
677 2331 719 2373 ,666
735 2342 799 2385 regno
816 2330 855 2374 dei.
889 2331 920 2374 1.6
937 2331 966 2374 Et

98 2403 185 2455 accepto
201 2413 256 2456 pane
272 2400 354 2455 gratias
370 2401 414 2454 egit
429 2403 450 2443 et
466 2398 530 2454 fregit
545 2403 567 2442 66
587 2399 646 2442 dedit
638 2399 705 2444 661166
722 2399 804 2443 dicens:
823 2401 854 2445 18
871 2400 966 2445 Η666
933 2404 966 2444 666

98 2483 176 2525 corpus
194 2484 270 2515 meum.
294 2471 322 2515 Et
338 2474 427 2526 accepto
443 2470 509 2514 calice
524 2471 605 2524 gratias
621 2470 665 2524 egit
680 2473 702 2514 66
718 2470 785 2515 6166666
806 2472 903 2526 Accipite
926 2472 965 2515 boc
983 2518 987 2523 ,

99 2541 275 2585 etdiuidit'te
244 2556 265 2585 rn
267 2544 300 2585 er
315 2554 360 2585 uos
393 2540 495 2585 16161166
512 2542 566 2584 enim
583 2540 651 2594 uobis,
668 2541 723 2596 quod
738 2554 779 2584 non
795 2542 865 2586 bibam
882 2543 908 2585 616
931 2555 966 2598 ge-

99 2614 209 2657 neratione
225 2614 312 2656 16666
281 2626 302 2655 ur
304 2616 331 2656 rs
347 2613 417 2665 buius,
434 2612 501 2655 donec
516 2624 626 2667 66666666
619 2612 653 2655 dei
669 2612 747 2656 ueniat.
764 2613 903 2656 Uerum
895 2617 966 2657 amen

99 2696 150 2728 6666
165 2697 197 2727 ma
200 2687 264 2728 nust
255 2683 348 2727 666666
343 2696 361 2727 66
377 2696 410 2726 me
425 2695 507 2726 mecum
524 2682 544 2726 66
560 2695 639 2727 mensa.
664 2684 697 2726 22.
714 2682 742 2725 Ε6
734 2683 842 2738 tquidem
858 2682 913 2727 filins
929 2685 966 2727 ho-

99 2754 170 2808 minis,
187 2755 303 2798 secundum
319 2754 374 2809 quod
391 2754 496 2809 scriptum
512 2756 551 2808 est,
574 2753 642 2797 uadit.
664 2753 817 2797 Uerumtamen
832 2767 872 2798 nae
886 2755 967 2799 homiui

99 2825 137 2879 illi,
162 2839 200 2880 per
224 2838 285 2880 quem
306 2825 363 2868 filius
379 2824 471 2868 bominis
488 2824 585 2868 traditur.
612 2824 645 2867 23.
662 2825 691 2868 Ε6
705 2825 746 2879 ipsi
768 2825 921 2881 conquirebant
937 2827 966 2869 66-

98 2899 132 2938 666·
148 2909 178 2949 se,
195 2897 242 2951 quis
258 2899 316 2940 esset
331 2895 371 2939 boc
387 2895 489 2939 facturus.
506 2897 539 2938 24.
556 2896 621 2938 Facta
642 2898 759 2939 astantem
781 2897 887 2942 contentio
912 2897 967 2940 inter

99 2966 153 3023 illos,
171 2968 270 3022 quisnam
286 2967 353 3010 maior
369 2967 486 3010 uideretur.
503 2968 536 3011 25.
553 2966 585 3009 Ad
602 2967 648 3021 ipse
665 2966 718 3010 dixit
734 2968 776 3011 eis:
792 2979 854 3022 reges
874 2968 967 3022 gentium

100 3038 236 3082 dominantur
257 3050 337 3093 eorum,
361 3038 434 3092 etqui
451 3040 578 3090 potestatem
594 3036 615 3079 in
631 3049 667 3080 eos
683 3041 791 3090 exercunt,
816 3037 967 3082 beneficiorum

100 3108 204 3163 largiores
225 3109 331 3152 dicuntur.
362 3109 396 3152 26.
418 3107 463 3151 6166
484 3110 554 3150 666666
570 3119 610 3150 6666
626 3108 663 3159 166,
635 3108 724 3151 66661
748 3109 784 3162 qni
777 3109 874 3152 rmaior
897 3110 966 3152 estin

100 3179 168 3234 uobis,
184 3178 290 3224 6666666666·
312 3181 336 3222 66
356 3178 488 3223 adulescenti
482 3181 565 3234 66666,
587 3177 623 3231 qui
640 3181 764 3232 66·,666666
767 3180 831 3234 tqui
851 3180 966 3223 ministrat
