1992 3390
81 277 96 319 4
330 272 452 317 Euangelium
465 272 566 307 secundum
578 258 698 308 Matthocum.
908 272 927 309 (1,
940 278 951 308 4

82 414 204 459 adoraberis
220 427 260 458 me.
284 413 393 457 1111666
416 415 470 458 dixit
493 416 512 457 ei
536 414 611 459 iesus:
638 415 692 458 uade
715 418 773 458 retro
797 427 830 457 166
854 416 950 459 66166661

83 485 188 540 Scriptum
200 488 233 529 est
248 484 315 528 euim:
332 485 446 529 Dominum
458 486 520 529 deum
532 489 591 528 tirum
608 485 706 529 adorabis
723 489 744 529 ct
759 485 790 529 illi
807 485 846 528 snli
863 487 951 529 seruies

83 558 116 600 11.
131 555 191 599 Tunc
205 554 297 611 reliquid
314 568 363 599 eum
379 556 475 600 diabolus
492 559 513 600 61
529 569 588 600 ecce:
607 557 683 611 Angeli
700 559 834 600 accesserunt
851 559 872 599 et
889 557 951 600 mini-

83 628 179 672 strabant
195 627 221 671 61,
256 627 286 670 12.
304 625 356 670 Gum
373 628 469 671 audisset
490 630 561 670 autem
577 627 646 681 16666,
663 628 718 681 quod
733 627 842 670 16166666
860 628 952 672 traditus

83 702 122 750 est,
144 699 233 742 secessit
254 699 275 741 in
292 697 416 751 Galilaeam,
441 698 473 741 13.
491 700 512 740 61
528 698 603 741 relicta
625 698 711 741 ciuitate
727 697 840 751 Nazareth,
856 699 916 742 uenit
932 701 953 741 et

83 769 189 813 habitauit
205 768 226 810 16
243 767 393 822 (lapharnaum
408 768 535 811 maritimam
556 768 577 811 iu
598 768 675 811 finibus
691 769 786 812 Zabulon
803 773 823 811 61
838 768 952 823 Neptalim,

85 840 297 894 116116161616161·
316 839 372 892 quod
392 852 430 893 per
451 839 537 882 Esaiam
557 838 682 893 prophetam
704 840 783 882 dictum
805 842 861 882 erat:
887 840 953 883 Terra

84 910 178 954 Zabulon
199 913 221 953 et
240 913 298 953 terra
318 907 404 963 Neptali
421 945 426 953 .
443 942 469 951 ..
502 909 534 953 11)Δ
558 911 623 952 maris
643 911 702 952 trans
720 909 835 962 iordanes,
858 910 953 953 Galilaea

84 981 185 1037 gentium,
203 982 235 1025 16.
246 980 338 1036 populus
348 981 384 1035 qui
395 979 482 1024 sedebat
492 979 514 1021 in
524 979 625 1031 tenebris,
641 979 709 1023 lucem
730 980 830 1024 uiderunt
848 993 952 1034 maguam,

84 1052 120 1108 qui
136 1052 238 1095 sedebant
253 1053 274 1096 in
296 1050 384 1105 regione
400 1050 488 1094 umbrae
503 1050 585 1103 mortis,
597 1052 633 1094 lux
648 1049 711 1093 horta
723 1054 755 1093 661
765 1050 801 1094 eis.
820 1052 852 1094 11.
869 1050 952 1094 1161616

86 1122 155 1176 coepit
170 1122 234 1165 Jesus
250 1121 374 1177 praedicare
390 1125 411 1164 et
427 1122 508 1165 dicere:
527 1122 679 1175 paenitentiam
696 1122 758 1176 agite,
775 1121 954 1176 adpropinquauit

84 1193 235 1247 enimcegnum
245 1192 355 1235 caelorum.
364 1194 396 1236 l8.
405 1191 457 1235 Cum
465 1194 567 1235 transiret
574 1197 643 1235 autem
651 1193 765 1235 secundum
772 1205 829 1235 mare
837 1192 953 1247 Galilaeae,

85 1263 138 1307 uidit
154 1263 207 1323 diros
222 1262 305 1312 iratres,
329 1262 434 1305 Simonem
450 1263 486 1316 qui
503 1263 580 1305 dicitur
596 1263 679 1315 Petrus,
696 1266 717 1305 61
733 1264 846 1319 1161166616,
865 1262 953 1306 iratrem

85 1335 139 1391 eius,
155 1334 264 1377 mittentes
283 1333 339 1375 retia
356 1334 377 1375 in
394 1345 458 1389 snare,
475 1336 536 1375 eraut
552 1334 606 1376 enim
624 1333 748 1386 piscatores.
767 1334 799 1376 19.
815 1333 844 1376 Et
855 1333 885 1376 ait
898 1334 954 1377 illis:

85 1404 157 1447 crescite
178 1407 226 1459 post
241 1417 274 1447 me
295 1407 317 1446 et
337 1404 413 1447 faciam
429 1416 468 1446 uos
483 1402 530 1446 fieri
547 1405 663 1459 piscatores
679 1402 793 1446 hominum.
824 1403 955 1456 2111111111

85 1475 184 1519 continuo
201 1475 283 1518 relictis
299 1475 360 1518 retiis
375 1475 425 1528 suis,
438 1475 505 1517 secuti
522 1477 571 1518 simt
587 1486 640 1516 eum.
658 1475 691 1516 21.
713 1474 741 1516 Et
756 1475 887 1529 praecedens
905 1476 955 1518 inde

85 1545 140 1589 uidit
156 1545 209 1590 alios
226 1546 278 1589 duos
293 1543 370 1587 iratres
387 1543 489 1588 Jacobum
505 1544 617 1596 Zebedaei,
634 1547 656 1586 61
671 1543 790 1587 iohannem
806 1544 892 1588 fratrom
909 1546 954 1587 eius

85 1618 106 1659 in
122 1616 220 1673 nauicula
238 1629 284 1659 cum
295 1615 418 1659 Zebaeclaco
431 1617 491 1669 patre
507 1615 601 1668 ipsorum
612 1613 733 1658 6616166166
749 1615 804 1658 retia
820 1628 865 1671 sua,
881 1618 903 1658 61
918 1629 954 1659 no·

75 1679 143 1740 ‘cauit
159 1699 201 1730 eos.
218 1687 253 1730 12.
268 1685 303 1728 1111
319 1688 389 1728 autem
406 1685 487 1728 relictis
503 1686 564 1729 retiis
580 1684 625 1729 6616
641 1688 663 1728 61
678 1688 739 1740 patre
760 1698 797 1729 suo
819 1686 886 1729 secuti
907 1689 956 1729 6661

86 1748 140 1814 estin.
172 1758 206 1801 23,
222 1756 251 1798 Et
267 1755 392 1798 circumibat
408 1755 472 1798 16666
488 1758 554 1799 totam
572 1755 695 1812 Galilaeam,
712 1757 789 1800 docens
806 1757 827 1799 in
843 1758 955 1812 synagogis

86 1839 158 1869 eortrm
180 1830 201 1870 61
221 1826 347 1881 praedicans
368 1826 502 1882 eiiangelium
518 1828 585 1881 regni,
602 1829 623 1870 et
639 1840 716 1870 sanans
735 1840 815 1870 onrnem
832 1828 954 1882 languorem

86 1901 107 1941 et
123 1909 204 1939 onlnem
220 1895 364 1939 infirmitatem
380 1897 402 1939 in
419 1931 422 1939 .
441 1929 444 1938 .
463 1930 466 1938 .
491 1897 525 1940 24.
542 1897 612 1950 opinio
634 1897 679 1939 6166
700 1897 721 1939 16
742 1900 808 1941 totam
824 1897 912 1952 Syriam,
934 1902 955 1942 61

86 1967 208 2021 optulerunt
229 1967 248 2009 ei
269 1978 341 2010 616666
362 1966 416 2010 inale
437 1966 539 2010 hahentes
561 1967 626 2010 uariis
647 1967 783 2024 languoribus
805 1972 826 2012 et
846 1971 955 2013 tormentis

88 2038 265 2099 conpraehensos,
282 2040 303 2079 61
321 2037 358 2091 qui
375 2038 487 2081 daemonia
499 2037 607 2081 habebant
622 2040 643 2081 61
660 2038 767 2083 lunaticos
782 2043 804 2082 61
819 2041 955 2095 paralyticos,

88 2113 197 2169 61666666
214 2108 305 2161 curauit,
324 2109 358 2153 25.
375 2112 397 2151 61
412 2109 556 2162 sequebantur
571 2121 619 2152 eum
634 2109 711 2152 turbae
725 2111 805 2154 multoe
822 2144 826 2152 .
845 2144 848 2153 .
866 2144 870 2153 .
887 2112 956 2154 6116-

80 2179 157 2233 capoli
173 2182 195 2222 et
211 2178 236 2222 ab
252 2178 407 2234 Hierolospmis
424 2183 445 2223 et
461 2192 473 2222 a
488 2179 571 2223 Judaea
589 2184 611 2224 et
626 2183 686 2224 trans
701 2180 816 2225 Jordmen.

155 2320 184 2364 V.
203 2322 220 2363 1.
238 2320 320 2363 Uiolens
334 2324 404 2364 661661
421 2321 504 2364 turbam
520 2322 605 2366 multam
617 2323 714 2365 ascendit
724 2323 745 2365 iu
756 2326 855 2376 montem,
872 2326 893 2366 61
909 2336 955 2366 cuin

88 2389 186 2441 sedisset,
208 2394 344 2434 accesserunt
365 2393 392 2435 acl
408 2405 455 2434 enm
478 2392 576 2446 discipuli
592 2394 644 2436 olus.
676 2393 956 2449 61166616116666616

89 2463 110 2503 61
127 2460 216 2503 docebat
233 2473 269 2505 eos
285 2461 367 2505 dicens:
394 2463 491 2505 6116611
512 2476 618 2518 pauperes
639 2463 722 2518 spiritu,
744 2465 842 2518 qaroaiam
863 2466 956 2519 ipsorum

87 2533 120 2574 est
137 2544 224 2583 regnum
243 2531 350 2574 caelorum
366 2533 386 2575 4.
403 2532 465 2576 Beati
476 2532 511 2586 qm
522 2533 604 2589 largent,
621 2534 719 2588 qiroiiiam
731 2536 772 2590 ipsi
784 2535 955 2579 consolabuntur.

88 2602 106 2645 5,
123 2602 186 2644 Beati
201 2602 272 2655 mites,
289 2602 389 2656 quoniam
399 2604 440 2658 ipsi
452 2604 591 2657 possidebunt
601 2607 687 2649 terium.
705 2607 724 2648 11.
741 2606 802 2649 Beati
814 2607 849 2660 qui
861 2607 957 2649 esuriunt

87 2675 108 2715 61
116 2672 193 2715 6111661
208 2672 320 2729 iustitiam,
337 2675 437 2727 quoniam
453 2674 495 2728 ipsi
511 2675 670 2719 saturabuntur.
688 2677 707 2719 1.
723 2676 785 2720 Beati
798 2676 955 2729 misericordes,

87 2743 136 2797 qnia
152 2744 205 2797 ipsis
221 2745 356 2787 miserabitur
369 2746 427 2790 deus.
445 2746 464 2789 11Δ
482 2745 544 2788 116611
555 2746 633 2789 mundo
646 2747 716 2799 corde,
733 2748 830 2800 6666166]
842 2749 883 2802 ipsi
895 2749 957 2791 deum

86 2813 196 2856 ridebunt.
222 2816 242 2857 9.
259 2815 320 2858 Beati
337 2814 425 2871 66611161,
442 2816 540 2870 quoniam
561 2816 599 2859 lilii
621 2817 654 2859 dci
676 2819 814 2862 [iocabuntur.
848 2820 879 2863 lO.
896 2819 957 2862 Beati

88 2883 124 2937 qui
141 2885 310 2938 persecutionem
326 2886 438 2940 patiuntur
458 2890 546 2942 propter
562 2888 683 2943 iustistiam,
704 2891 802 2944 qrioniam
819 2890 912 2943 ipsorum
925 2892 958 2934 est

86 2966 174 3008 regnum
196 2956 307 2999 caelorum.
341 2959 373 2999 ll.
390 2957 451 3000 Beati
468 2958 527 3001 eritis
551 2971 596 3001 6616
615 2960 955 3014 6661661611...66661...

87 3028 134 3067 6661
150 3038 211 3068 ornile
227 3027 305 3069 malum
327 3029 440 3071 aduersum
461 3041 499 3072 666
521 3034 609 3084 propter
631 3031 742 3076 iustitiam.
774 3031 958 3076 12,11611(161661

87 3096 189 3149 exultate,
206 3098 405 3151 666616161661666
423 3103 494 3142 nestra
511 3102 598 3154 copiosa
615 3102 683 3143 66116
700 3104 763 3146 caelo.
787 3102 821 3145 Sic
838 3104 893 3147 enim
909 3117 957 3158 pcr-

87 3168 154 3209 secuti
178 3171 228 3210 sunt
251 3172 272 3212 et
293 3170 409 3224 prophetas
433 3182 476 3222 eos,
501 3170 537 3224 qui
558 3171 706 3215 16666616616
728 3188 765 3217 uns
786 3178 858 3228 patres
879 3188 956 3218 corum.
