1992 3390
69 277 87 312 G,
101 281 128 313 13.
337 277 461 325 Euangelium
475 279 576 315 seeundum
589 278 678 315 Marcum.
901 277 942 322 139

67 433 163 475 rognum,
181 425 202 465 et
218 425 281 464 erunt
296 423 440 465 terraemotus
456 434 493 476 per
509 421 556 464 loca
571 425 592 465 et
607 421 675 465 fames
696 422 780 466 tritium
798 420 897 464 dolorum
916 445 938 450 —

70 516 92 522 -
111 516 138 521 —
154 516 183 522 —
201 517 223 522 -
243 492 276 536 ia.
293 494 356 534 erunt
372 491 429 534 enim
445 491 467 534 in
483 492 560 535 diebus
576 491 619 534 iliis
631 493 781 536 tribulationes
792 491 853 547 tates,
864 490 938 546 quales

67 575 109 605 non
124 562 214 605 fuerunt
236 563 262 605 ab
278 563 339 605 initio
354 564 472 615 creaturae,
489 574 515 605 ex
531 575 572 616 quo
593 563 664 606 omnia
684 562 780 605 condidit
801 562 854 605 deus
871 574 939 616 usque

67 645 124 675 nuno
140 645 210 686 neque
225 637 288 675 erunt
300 665 305 675 .
319 667 322 675 .
337 666 341 675 .
356 667 360 676 .
377 632 411 675 20.
428 631 456 674 Et
472 631 512 675 nisi
528 631 647 676 brebiasset
664 632 761 675 dontinus
777 632 822 675 dies
853 636 940 686 propter

67 702 146 746 eleetos
162 715 213 746 suos
226 737 230 746 .
244 737 248 746 .
263 737 266 745 .
279 702 340 746 fieret
356 703 417 746 salua
433 701 476 744 ulla
486 714 541 755 earo,
551 703 589 744 sed
600 706 687 756 propter
698 702 784 755 eleetos,
801 716 854 757 quos
865 702 936 757 elegit,

67 772 223 815 brebiabuntur
239 773 286 815 dies
302 774 340 816 illi.
365 774 398 816 21.
416 773 444 815 Et
459 776 511 815 tuno
527 773 545 816 si
560 772 608 826 quis
631 773 692 816 uobis
716 774 807 816 dixerit:
833 773 889 816 Eece
904 774 939 816 hio

68 847 100 886 est
117 843 222 896 Christus,
235 844 281 888 uei:
293 856 341 887 eone
352 844 404 897 illio,
416 856 443 886 ue
455 842 596 886 credideritis.
609 843 642 885 22.
655 842 766 897 Ennegent¹
777 844 832 886 eninr
846 844 937 898 pseudo-

67 914 141 957 christi
158 917 180 957 et
195 914 403 969 pseudoprophetae,
420 917 442 957 et
457 913 539 956 dabunt
556 914 616 967 signa
633 917 655 957 et
670 917 754 956 ostenta
765 914 792 957 ad
802 916 937 959 seducendos

67 983 169 1037 homines,
194 986 211 1027 si
227 983 276 1027 fieri
292 987 369 1038 potest
394 984 459 1027 etiarn
483 984 569 1026 eleetos.
595 985 628 1027 23.
644 983 690 1026 Uos
714 996 764 1037 ergo
780 985 862 1027 uidete:
889 997 938 1027 eooe

69 1056 164 1110 praedixi
180 1054 242 1098 uobis
259 1055 336 1097 omnia.
353 1055 381 1096 24
394 1089 398 1097 .
413 1089 416 1097 .
430 1088 435 1096 .
448 1054 491 1096 iliis
513 1053 587 1098 diebus
609 1057 659 1108 post
679 1054 846 1098 tribulationem.
868 1080 894 1085 —
911 1080 939 1085 —
