1992 3390
48 284 66 325 (l.
81 288 107 326 td
307 283 431 334 Euangeliou
444 286 543 326 secundnm
556 287 658 327 Lucanum
879 288 919 334 107

48 434 69 476 θῖ
85 432 154 475 scribe
170 431 256 476 LXXX.
274 434 293 476 8.
310 432 339 475 Et
354 431 451 475 laudauit
466 433 564 476 dominus
579 433 667 477 uilicum
682 433 809 490 iniquitatis,
826 431 920 488 eoquod

48 503 164 557 prudenter
180 503 261 546 lecerit.
278 502 340 546 Dixit
361 507 432 546 aulem
448 503 475 545 ad
491 502 607 556 discipulos
628 516 684 548 suos.
701 504 742 547 Fili
758 505 822 548 huius
838 504 919 547 saeculi

48 574 197 628 prudentiores
213 577 263 616 sunt
279 586 340 628 quam
357 572 387 617 fili
402 573 457 616 lucis
474 573 496 615 in
507 573 547 615 hac
562 575 706 628 generatione.
723 575 742 617 9.
758 575 787 618 Εῖ
803 588 841 630 ego
857 575 918 618 uobis

47 644 103 688 dico:
121 644 197 688 Facite
211 644 273 687 uobis
290 645 369 688 amicos
385 645 411 686 de
428 656 526 687 mamona
542 643 668 697 iniquilatis,
685 649 770 688 utrum
787 645 916 699 defeceritis,

46 715 151 770 recipiant
167 727 206 758 uos
222 717 244 757 in
260 718 348 758 aeterna
363 714 503 759 tabernacula
524 727 569 760 sua.
602 716 635 758 10.
652 712 692 764 [diri
708 714 777 759 fidelis
793 716 862 760 estin
878 717 916 760 mi-

46 785 111 837 nimo,
127 788 148 829 et
163 786 183 828 in
200 787 269 829 mains
280 785 348 830 fidelis
365 790 408 840 θεῖ,
426 789 448 829 θῖ
464 785 532 840 quiin
543 784 626 828 modico
641 785 727 840 iniquus
743 790 782 839 θεῖ,
799 790 820 831 θῖ
835 788 857 830 in
872 800 915 830 roa·

46 856 79 899 ins
91 857 176 911 iniquus
188 864 226 901 est.
245 858 277 900 ll.
295 855 317 899 Si
333 870 383 911 ergo
395 858 416 900 in
427 856 500 911 iniquo
509 869 607 900 mamona
621 854 696 900 fideles
711 869 752 900 nou
767 858 844 910 inistis,
860 858 916 912 qnod

46 940 120 970 uerum
137 930 176 981 θεῖ,
193 927 229 982 qni
245 927 307 970 dabit
320 927 400 970 uobis?
418 928 451 971 13.
463 925 531 972 Nemo
547 939 623 971 seruos
641 929 712 981 potest
727 926 809 971 duobus
825 928 915 972 dominis

46 998 134 1041 seruire.
156 999 199 1041 Aut
219 1011 286 1041 uonm
306 998 364 1042 odiet
384 1002 407 1042 et
426 1000 518 1042 alterum
539 998 625 1054 amauit,
647 1000 684 1039 aut
704 1010 769 1041 unum
785 999 878 1052 patietur
894 1002 915 1042 et

45 1069 135 1112 alterum
152 1072 281 1113 contemnet.
304 1070 351 1113 Non
368 1071 459 1123 potestis
476 1071 515 1112 deo
531 1070 614 1112 seruire
630 1071 652 1112 et
667 1080 805 1111 mammonae.
823 1070 855 1112 14.
873 1069 915 1111 Au-

46 1139 133 1182 diebant
149 1143 221 1183 auteur
238 1141 292 1183 baec
307 1140 426 1193 Pharisaei,
448 1141 484 1195 qni
500 1144 561 1183 eraut
577 1140 644 1193 anari,
669 1143 690 1182 et
706 1139 834 1182 deridebant
849 1139 917 1183 illurn.

46 1210 79 1254 15.
95 1210 125 1253 Et
140 1211 170 1253 ait
185 1210 240 1254 illis:
257 1210 302 1253 Uos
312 1212 372 1265 estis¹
390 1212 424 1265 qui
441 1210 564 1255 iustificatis
579 1223 698 1254 noscoram
714 1209 846 1263 hominibns3
862 1210 915 1254 deus

45 1283 115 1324 autem
128 1281 188 1324 uenit
199 1281 264 1324 corda
281 1285 365 1334 o·estra;
382 1282 432 1336 qnia
448 1282 504 1336 qood
520 1283 542 1324 in
557 1282 678 1325 hominibus
700 1280 791 1324 sublimo
808 1284 847 1335 θεῖ,
864 1281 914 1324 abo-

45 1352 133 1395 minatio
149 1352 195 1395 eius
211 1355 261 1395 ante
272 1352 347 1396 deum.
367 1354 399 1397 lo.
416 1353 461 1396 Lex
477 1355 499 1395 et
514 1353 632 1408 prophetae
653 1352 680 1394 ad
696 1350 815 1406 dobannen,
831 1364 858 1394 ex
873 1365 915 1407 quo

44 1427 133 1477 regnum
150 1423 183 1466 dei
212 1423 381 1478 euarrgeliratur,
406 1428 427 1467 et
443 1425 512 1468 onrois
528 1425 549 1467 in
566 1425 614 1467 illut
635 1424 678 1466 nim
694 1423 752 1466 iacit.
771 1424 803 1468 17.
819 1422 916 1470 Facilius

45 1496 77 1537 est
93 1497 165 1537 antem
190 1495 272 1537 caelum
289 1497 310 1536 ct
326 1499 404 1538 terrum
429 1496 546 1548 praeterire
569 1507 631 1549 qnam
647 1494 673 1537 de
689 1495 736 1548 lege
752 1507 817 1536 uirum
834 1494 915 1548 apicem

45 1565 126 1608 cadere,
145 1565 178 1609 18.
195 1564 269 1608 Omnis
286 1565 322 1619 qui
338 1566 427 1608 dimittit
443 1578 529 1608 uxorem
553 1577 612 1609 suam
629 1568 650 1608 et
666 1564 724 1607 ducit
740 1565 835 1617 alteram,
859 1578 915 1608 moe-

45 1635 128 1688 chatur,
149 1636 223 1689 etqui
240 1635 350 1679 dimissam
367 1649 379 1678 a
394 1637 441 1679 niro
462 1636 528 1689 ducit,
544 1636 675 1679 moechatur.
708 1637 741 1678 id.
758 1634 827 1679 Homo
843 1641 914 1678 autem

45 1706 131 1759 qnidam
147 1709 194 1749 erat
209 1707 277 1757 diues,
294 1707 330 1760 qui
346 1707 475 1749 induebatur
485 1719 605 1760 ,purpuram
628 1709 649 1749 θῖ
665 1706 805 1760 aepulabatur
826 1706 914 1754 cottidie

44 1777 163 1831 splendide.
169 1778 203 1820 20.
210 1777 263 1820 Errat
269 1781 340 1820 autem
347 1777 433 1832 quidam
439 1778 549 1837 mendicus
555 1776 746 1830 uomiueLanarns,
754 1777 788 1831 qni
797 1776 881 1820 iaccbat
887 1778 913 1820 ad

45 1847 129 1890 ianuam
145 1848 191 1891 eins
212 1848 319 1891 ulceribus
342 1848 425 1903 pleuns,
446 1850 480 1892 ai.
497 1849 587 1903 cupiens
603 1849 694 1891 saturari
712 1849 793 1899 exuis,
810 1859 864 1900 quae
879 1860 913 1889 ca·¹

44 1918 122 1961 debant
138 1920 163 1962 de
179 1932 253 1962 mensa
269 1919 353 1972 dinitis;
370 1920 407 1962 sed
423 1921 445 1962 et
468 1932 532 1962 canes
548 1919 663 1963 ueniebant
679 1922 700 1961 et
715 1919 825 1973 lingebant
842 1918 914 1961 ulcera

45 1990 97 2032 eius.
114 1990 148 2032 22.
157 1990 246 2033 Factum
263 1992 296 2033 est
312 1992 390 2042 autem,
406 1992 560 2034 utrnoreretur
570 1990 664 2033 Lazarus
680 1989 797 2037 mendicus,
814 1991 913 2042 etporta-

44 2062 104 2103 retur
125 2060 151 2103 ab
162 2059 251 2114 ¹angelis
271 2060 293 2102 in
310 2060 378 2103 sinum
395 2094 399 2102 .
416 2092 421 2103 .
439 2095 443 2103 .
460 2095 464 2105 .
482 2059 581 2104 Mortuus
597 2063 630 2103 est
645 2062 721 2103 autem·
732 2059 792 2102 diues
808 2062 830 2102 et
846 2058 914 2115 sepul·

44 2133 79 2173 tus
94 2134 134 2174 est.
151 2132 185 2174 23.
202 2131 230 2173 Et
246 2130 268 2174 in
284 2129 367 2174 inferno
384 2131 472 2174 eleuans
488 2131 561 2173 oculos
577 2142 633 2184 suos,
651 2143 697 2173 cunr
714 2133 772 2174 esset
787 2130 808 2172 in
823 2133 915 2173 tormen-

43 2202 78 2254 tis,
96 2202 152 2245 uidit
168 2201 276 2245 Abrabam
293 2214 305 2244 n
321 2202 385 2256 longe
401 2205 423 2245 et
438 2201 542 2245 Lazarum
560 2202 582 2245 in
598 2202 646 2245 sinu
667 2202 713 2244 eins
737 2200 914 2257 requiescentem,

45 2273 79 2315 24.
96 2275 117 2315 θῖ
133 2271 180 2327 ipse
204 2272 324 2315 exclamans
340 2273 407 2316 dixit:
424 2271 488 2316 Pater
504 2273 617 2326 Abrabam,
634 2272 737 2315 miserere
753 2271 800 2326 mei,
817 2274 838 2313 et
854 2272 914 2315 mitte

44 2344 158 2396 laurarum,
176 2345 198 2385 ut
213 2343 305 2398 intingat
322 2345 438 2387 extremum
455 2343 516 2396 digiti
534 2344 565 2386 sni
582 2343 602 2385 iu
620 2355 698 2396 aqrram
714 2345 736 2385 θῖ
750 2340 864 2397 refrigeret
874 2342 914 2385 lin-

44 2426 106 2467 guam
123 2427 197 2467 meam,
215 2415 265 2468 quia
281 2415 365 2457 crucior
380 2415 401 2457 iu
416 2414 456 2457 hae
471 2413 562 2457 flamma.
579 2415 614 2457 24.
630 2413 659 2456 m
675 2412 729 2457 dixit
744 2412 776 2455 illi
792 2411 898 2456 Abrabam
908 2427 922 2455 ε»

43 2484 91 2539 mli,
108 2486 222 2529 recordare
241 2486 290 2539 quia
305 2485 407 2539 recepisti
423 2489 446 2528 tu
462 2484 518 2528 bona
541 2485 563 2527 in
579 2486 684 2539 altatus,
710 2486 731 2526 et
747 2483 841 2526 Lazarus
857 2483 913 2526 simi-

43 2555 93 2598 liter
109 2556 180 2609 mala3
197 2560 338 2599 runcantem
355 2556 389 2599 nio
407 2555 535 2607 consolatur,
551 2558 575 2599 tu
590 2568 642 2599 uero
659 2554 766 2598 cruciaris.
797 2554 831 2598 26.
847 2552 912 2596 Elin

43 2626 76 2668 lris
92 2627 188 2670 onnribus
204 2628 260 2669 iuter
276 2639 315 2670 uos
331 2629 352 2670 et
368 2639 406 2670 nos
422 2626 486 2669 cbaos
502 2638 590 2681 nragnus
612 2625 719 2668 stabilitus
736 2627 774 2678 est,
791 2628 815 2667 ut
831 2623 858 2675 ni,
876 2623 911 2677 qni

43 2696 131 2739 uenient
146 2698 192 2749 boc,
209 2697 300 2740 transire
315 2698 450 2752 nonpossint
465 2697 546 2750 aduos
562 2709 631 2750 neque
646 2696 697 2739 inde
712 2696 754 2738 lruc
774 2699 912 2738 transmeare.

43 2768 77 2810 27.
101 2767 163 2810 Dixit
185 2771 269 2811 autem:
292 2768 352 2823 Rogo
369 2780 419 2822 ergo
435 2770 463 2821 ῖθ,
480 2770 548 2821 pater,
565 2771 589 2810 nt
603 2769 677 2811 mittas
700 2767 720 2809 in
744 2767 828 2810 deinum
845 2765 912 2818 patris

42 2838 91 2881 mei.
115 2839 149 2881 28.
173 2837 247 2881 Habeo
263 2838 320 2881 enim
343 2839 445 2893 quinque
459 2838 545 2891 iratres,
569 2843 593 2881 nt
609 2840 700 2881 testetur
723 2837 772 2889 illis,
793 2848 819 2877 ue
835 2837 856 2877 et
871 2834 912 2888 ipsi

43 2910 131 2952 ueniant
146 2909 168 2951 in
183 2909 253 2952 locum
277 2910 333 2952 hunc
348 2912 509 2959 tormentorum,
533 2910 567 2952 29.
585 2909 613 2951 Et
635 2909 666 2952 ait
681 2908 712 2951 illi
730 2905 845 2950 Abraham:
870 2904 912 2948 Ha-

43 2980 94 3023 bent
110 2980 198 3035 Moysen
215 2984 236 3024 et
251 2980 374 3034 prophetas
391 2980 480 3023 aardiant-
496 2980 550 3023 illos.
575 2980 609 3023 30.
626 2976 658 3022 Ad
674 2976 789 3021 illedixit:
805 2975 859 3027 Non,
876 2989 913 3031 pa-

42 3053 76 3093 ter
92 3051 206 3104 Abrabam,
230 3049 267 3093 sed
283 3051 302 3092 si
318 3051 365 3105 qais
382 3063 408 3093 ex
422 3050 510 3093 mortuis
532 3049 679 3104 resurrexerit,
703 3046 840 3103 persuadebit
862 3047 912 3091 illis.

44 3123 77 3165 31.
94 3121 132 3164 Ait
147 3124 217 3165 antem
234 3121 276 3165 illi:
308 3120 330 3164 Si
346 3121 436 3177 llloyseu
451 3124 472 3164 et
487 3121 602 3175 propbetas
624 3133 666 3162 non
691 3118 786 3172 audiunt,
807 3119 912 3172 nequest

43 3192 90 3248 quis
107 3205 132 3235 ex
147 3194 237 3236 mortuis
254 3193 280 3236 ad
296 3192 345 3237 illos
361 3193 459 3246 orirerur,
476 3193 568 3236 credent.
