1992 3390
62 270 79 307 U.
92 273 107 306 3.
327 271 454 318 Euangelinm
464 272 564 309 secundnm
576 274 664 311 Marcum.
894 274 934 318 123

63 415 116 458 Ecce
124 419 195 465 mater
212 418 247 458 tua
263 421 286 458 et
301 415 380 458 iratres
396 418 418 458 et
433 427 515 458 sorores
527 419 578 458 tuae
589 416 641 459 foris
658 419 714 459 stant
730 417 859 469 qauerentes
875 415 932 469 loqui

62 489 137 530 tecum.
158 487 192 530 33.
210 486 242 530 Ad
253 486 301 530 iller
312 486 415 541 espondit
429 489 450 529 et
460 486 529 529 dixit:
541 486 605 539 eree
618 489 650 529 est
665 489 731 529 mater
747 486 842 529 mealet
857 484 934 529 fratres

60 555 116 599 mei?
148 558 183 600 34.
205 556 234 600 Et
250 556 425 611 circumspiciens
441 568 485 610 eos,
501 556 537 611 qul
554 556 576 598 in
592 555 682 598 circuitu
697 555 807 609 sedebant,
823 556 866 600 eit:
884 568 933 599 ecce

62 630 128 670 rneter
145 632 167 671 et
182 626 260 672 iratres
275 628 321 673 mei.
342 628 385 672 33
395 627 437 681 Qui
453 627 527 670 iecerit
542 626 677 670 uoluntatem
693 626 733 681 dei,
748 625 785 669 liic
801 626 852 670 mihi
867 626 933 670 irater

61 701 83 741 et
98 710 159 742 soror
175 701 279 742 etmater
295 702 334 743 est.

85 855 93 860 ‘¹
129 838 166 883 IV.
187 842 203 883 l.
220 839 248 883 Et
264 840 332 894 coepit
350 840 428 883 iterum
444 839 519 882 docere
534 839 570 882 ad>
581 851 653 891 mare3
678 841 698 881 et
714 840 843 893 congregate
858 841 890 881 est
905 839 931 881 ad

61 921 107 952 erim
123 909 189 953 turbo
205 911 278 964 multa,
294 911 324 953 ita
341 913 366 953 ut
382 911 403 952 in
419 921 494 953 nauem
509 909 630 953 ascendens
646 909 730 953 sederet
745 909 773 952 ad
789 908 847 959 litus
864 909 931 963 adque

61 979 129 1023 omnis
145 980 209 1024 turbe
225 980 246 1023 in
262 980 335 1024 littore
352 984 414 1036 erat·;
441 981 460 1023 2.
477 983 498 1023 et
512 980 605 1024 docebat
620 978 693 1023 eos-in
709 978 887 1023 similitudinibus
902 978 931 1020 di-

60 1062 119 1095 cens:
139 1052 159 1095 3.
177 1051 254 1102 audite,
276 1064 325 1094 ecce
342 1052 410 1095 exiuit
427 1051 542 1094 seminator
559 1051 673 1094 seminare.
689 1050 708 1093 4.
724 1049 754 1093 let
771 1062 817 1093 eum
834 1050 930 1104 seminat,

61 1121 113 1165 aliut
129 1121 209 1165 cecidit
224 1122 362 1175 eiroauiam,
379 1124 520 1165 etuenerunt
546 1134 598 1164 aues
623 1124 645 1165 et
667 1120 931 1165 manducaueruntillud.

61 1193 80 1236 b.
97 1191 164 1234 Aliud
180 1192 256 1235 cecidit
272 1204 336 1246 supra
352 1196 446 1247 petrosa
472 1196 492 1235 et
508 1192 617 1246 quianon
632 1191 725 1235 habebat
741 1194 821 1235 terram
837 1191 931 1245 multam,

61 1266 158 1306 exortum
176 1266 214 1315 est,
238 1265 259 1305 et
282 1263 322 1306 cito
347 1264 416 1307 arruit
432 1263 457 1306 ab
473 1266 540 1313 aestu,
565 1263 672 1317 quianon
688 1260 781 1306 babebat
797 1261 895 1305 radicem.
912 1263 931 1307 l.

62 1333 135 1380 Aliud
151 1333 229 1389 recidit
252 1346 314 1388 supra
330 1333 412 1388 spinas,
426 1338 459 1377 'et
474 1334 624 1378 ascenderunt
639 1334 712 1387 spinae
727 1338 750 1375 et
774 1331 932 1376 suffocauemot

62 1416 114 1446 eum
124 1394 255 1446 etfruotum
272 1416 311 1446 uon
328 1404 402 1447 dedit
419 1406 438 1448 8.
455 1405 484 1448 Et
499 1404 554 1447 aliut
570 1404 647 1446 cecidit
662 1404 785 1447 interram
810 1404 885 1447 bonam
909 1407 932 1447 et

62 1474 97 1517 dat
111 1473 206 1517 fructum
230 1475 381 1517 ascendentem
391 1500 392 1504 =
403 1479 424 1519 et
439 1475 593 1518 increscentem
610 1480 632 1518 et
648 1474 729 1518 adferet
745 1486 813 1517 unum
828 1473 892 1517 XXX.
910 1476 930 1516 et

62 1534 187 1595 unumLX.
203 1548 225 1587 et
239 1559 303 1588 unum
319 1546 479 1589 centensimum.
495 1548 514 1590 tl.
530 1547 561 1589 Et
577 1544 729 1596 dicebamus
746 1544 812 1588 habet
822 1557 883 1587 aures
895 1558 932 1588 au<

61 1615 133 1658 aliendi
150 1614 242 1668 audiatt
252 1618 278 1657 et·
289 1616 419 1670 intellegens
435 1616 551 1671 intelleget.
579 1616 611 1659 10.
628 1615 657 1658 Et
672 1627 719 1658 cum
734 1617 794 1658 esset
812 1614 931 1669 singularis,

61 1685 222 1739 interrogabant
235 1685 293 1728 illum
309 1686 412 1740 discipuli
428 1686 480 1740 eius,
497 1699 553 1741 quae
569 1689 627 1730 esset
643 1685 760 1729 similitudo
777 1685 834 1728 isto?
854 1687 880 1729 -11
904 1685 932 1727 Et

62 1756 93 1798 ait
106 1755 168 1798 illisu
187 1754 254 1799 Uobis
271 1757 342 1799 datum
360 1767 487 1810 cognoscere
502 1757 629 1811 mysterium
645 1756 704 1810 regni
719 1755 765 1808 dei;
793 1756 836 1798 illis
852 1760 930 1810 autem,

62 1825 96 1881 qui
112 1825 167 1869 ioris
183 1828 238 1880 sunt,
253 1827 274 1869 in
291 1827 400 1880 parabolis
416 1828 499 1881 dicitur,
515 1830 540 1870 ut
556 1827 655 1871 uidentes
678 1826 767 1869 uideant
782 1830 804 1869 et
818 1838 865 1869 nnn
876 1827 931 1881 aspi·

61 1898 132 1950 ciant·
149 1898 182 1941 12.
199 1897 451 1940 etaudientesaudiant
466 1901 487 1940 et
501 1910 545 1940 non
561 1896 697 1951 intellegant:
707 1898 827 1951 nequando
843 1909 931 1940 conuer-

61 1970 172 2011 tanturet
188 1968 308 2011 remittatur
324 1967 376 2012 illis.
394 1970 427 2012 13.
443 1967 471 2010 Et
482 1969 511 2011 ait
522 1967 687 2010 illis:·Nescitis
700 1968 755 2010 bane
765 1967 930 2019 similitudinem,

62 2041 83 2080 et
98 2037 204 2092 quomno
220 2049 293 2082 cilices
308 2038 461 2082 similitudines
476 2037 566 2087 scietis?
584 2039 616 2082 14.
633 2038 674 2089 (lui
689 2037 784 2093 loqrritur
800 2038 888 2081 uerbum
899 2051 933 2081 se*

61 2108 134 2151 minat.
154 2109 187 2151 15.
203 2108 225 2150 lri
241 2112 311 2152 autem
327 2113 379 2152 sunt
394 2109 430 2163 qui
442 2109 498 2152 iuxta
514 2109 572 2151 uiam
589 2110 726 2165 seminantur,
743 2110 781 2163 qui
801 2110 931 2164 negligenter

63 2179 153 2220 uerbum
170 2179 295 2233 suscipiunt,
312 2182 334 2222 et
351 2192 398 2222 curu
415 2179 527 2233 audierint,
552 2179 664 2244 confestim
680 2180 740 2223 uenit
755 2181 841 2223 satanas
858 2183 879 2223 et
894 2180 931 2223 tol-

63 2249 88 2292 lit
102 2249 200 2303 uerbum
216 2250 272 2303 quod
288 2252 416 2294 seminatum
433 2254 465 2294 est
481 2250 501 2293 in
518 2251 582 2293 corde
599 2250 690 2294 illorum.
708 2251 740 2293 ld.
758 2250 787 2293 Et
803 2250 823 2292 ni
837 2253 885 2294 sunt
896 2251 931 2304 qui

62 2331 133 2373 supra¹
154 2323 244 2373 ¹[retrusa
273 2323 374 2365 seminati
405 2325 461 2373 sunt,
491 2321 525 2376 qui
554 2334 602 2364 cum
627 2322 733 2365 audierint
765 2321 858 2377 uerbum,
889 2325 931 2364 sta·

61 2391 98 2432 tim
120 2403 168 2433 eum
184 2392 261 2445 garrdic
277 2391 388 2446 accipiunt
404 2392 463 2435 illud.
496 2394 527 2435 ll.
553 2395 575 2434 et
598 2405 639 2435 non
661 2390 741 2435 habent
757 2393 778 2434 in
794 2404 817 2435 se
832 2392 930 2445 redicem,

62 2461 104 2504 sed¹
114 2462 246 2515 ternporanei
263 2466 317 2515 sunt,
343 2462 420 2505 deinde
436 2466 482 2506 orta
504 2462 643 2507 tribulatione
659 2466 695 2506 urit
710 2462 867 2518 perseeutione,
890 2466 932 2506 sta-

62 2532 98 2574 tim
114 2534 207 2586 propter
220 2533 306 2576 uerbum
318 2525 496 2577 scandalizantur.
514 2534 548 2578 18.
566 2532 594 2576 m
610 2534 645 2577 olii
662 2534 696 2588 ciri
711 2535 733 2576 in
750 2534 823 2588 spinas
834 2532 931 2576 seminati

63 2606 125 2656 sunt,¹
136 2602 159 2644 lri
170 2605 230 2658 sunt,
246 2604 282 2657 qui
297 2602 388 2647 beruum
404 2603 499 2658 audiunt,
523 2605 558 2648 19.
576 2607 598 2647 et
613 2617 652 2659 per
667 2603 823 2648 sollicitudines
838 2605 895 2647 uitae
911 2606 932 2646 et

61 2673 82 2715 in
98 2685 172 2716 errore
189 2673 270 2717 saeculi
286 2674 349 2717 simul
359 2677 447 2727 cuntes
473 2674 578 2718 suffocant
599 2675 687 2718 uerbum
702 2678 723 2717 et
740 2675 788 2717 sine
802 2674 872 2718 lructu
888 2673 934 2717 effi:

62 2744 154 2787 ciuntur.
171 2745 205 2787 20.
222 2743 250 2787 m
266 2744 287 2787 ln
301 2748 367 2798 ‘sunt'
378 2746 413 2799 qui
430 2748 589 2801 superterram
605 2746 681 2788 bonam
697 2745 798 2789 seminati
813 2749 869 2797 sunt,
896 2746 931 2799 qui

63 2814 153 2857 audiunt
169 2815 257 2857 uerbum
273 2819 358 2859 etcum
375 2815 483 2869 excipiunt
498 2819 519 2859 et
536 2814 666 2859 fructificant
682 2829 747 2859 unum
758 2815 825 2859 XXX.
837 2818 858 2858 et
868 2828 931 2858 unum

62 2885 105 2928 LX.
116 2887 140 2927 et
149 2885 216 2928 alium
227 2887 387 2930 centensimum.
405 2889 438 2930 21.
455 2887 546 2930 Dicebat
563 2891 634 2930 autem
651 2886 697 2930 illis.
713 2885 824 2939 Numquid
838 2885 932 2928 adfertur

61 2957 157 3010 lucerna,
174 2959 198 2999 ut
213 2957 252 2999 sub
268 2957 339 2999 modio
356 2960 454 3013 portatur,
470 2961 507 3001 aut
522 2959 563 3001 sub
579 2958 661 3013 lectol
681 2958 716 3000 sed
734 2960 758 2999 ut
774 2968 838 3011 supra
855 2956 934 2999 cande-¹

61 3028 144 3070 labrum
156 3026 313 3081 pcnaturiit.
331 3026 379 3070 Non
391 3028 446 3070 enim
463 3031 495 3071 est
510 3027 666 3080 absconditum,
682 3028 719 3070 secl
736 3030 760 3068 ut
772 3025 936 3082 mani'lestetur3

62 3110 99 3140 rice
115 3097 196 3140 fectum
212 3101 244 3141 est
260 3098 374 3149 occultum,
391 3099 428 3141 sed
439 3100 491 3141 utin
504 3098 574 3153 palam
591 3098 668 3141 ueniat.
685 3098 717 3140 23.
731 3096 772 3147 Qui
790 3096 854 3140 habet
870 3110 931 3142 aures

61 3167 164 3212 audiendi
181 3169 260 3212 audiet.
276 3170 309 3213 24,
327 3169 357 3212 Et
373 3169 457 3213 dicebat
473 3169 525 3214 illis:
553 3169 637 3221 Uidete,
662 3168 711 3222 quid
728 3168 837 3213 audiatisl
854 3170 875 3213 in
891 3182 931 3225 qua
