1992 3390
105 270 133 312 32
357 263 477 310 Euangelium
491 263 592 299 secundnm
605 263 725 299 hlatthaenm.
914 263 933 298 G.
945 268 973 298 23.

104 408 161 451 laeta
181 420 232 450 uero
254 419 326 450 eorum
349 406 415 450 nolite
436 405 520 459 lacere,
547 407 620 449 dicunt
640 406 702 458 enim,
719 409 740 449 et
759 406 801 461 ipsi
824 419 863 448 non
887 407 974 450 faciunt.

104 480 124 521 l.
142 478 236 532 Alligant
252 479 323 519 aulem
340 489 404 520 onera
421 477 496 531 gruaria
511 480 533 520 et
550 478 631 531 ponunt
647 477 668 518 in
680 488 764 520 umeros
776 477 891 529 hominum,
908 478 975 532 digito

104 551 174 591 auteur
196 561 234 592 suo
255 548 330 592 uolunt
352 561 377 591 ea
397 559 490 591 mouere.
508 549 526 592 5.
544 546 621 590 Omnia
641 559 692 590 uero
708 560 773 602 opera
789 560 826 591 sua
841 547 929 601 faciunt,
952 550 975 592 ut

104 619 217 662 uideantur
233 619 259 661 ab
275 618 408 672 lrominibus3
430 618 520 662 dilatant
536 618 591 661 enim
607 617 718 672 fylacteria
741 632 779 662 sua
803 621 825 661 et
840 617 976 672 nragnificant

105 689 197 733 fimbrias
222 701 278 732 suas,
304 691 322 733 6,
339 689 419 732 rimant
443 691 513 733 autem
536 689 627 743 primum
648 688 765 732 recubitum
790 689 811 731 in
827 689 937 745 conuiuiis,
954 692 975 732 et

107 762 186 814 primas
203 760 300 803 catedras
316 760 337 802 in
354 760 473 816 synagogis,
491 761 508 802 7.
526 761 547 802 et
563 758 702 803 salutationes
717 760 738 802 in
755 759 807 812 loro,
824 762 845 802 et
860 760 933 804 uocari
949 761 975 803 ab

105 830 225 874 horninibus
247 830 314 873 rabbi.
338 832 357 875 8.
374 831 419 875 Uos
436 833 506 873 autem
526 830 593 873 nolite
609 830 681 872 uocari
697 830 762 873 rabbi.
792 828 850 873 Unus
871 834 904 874 est
919 832 975 874 eninr

104 901 206 955 magister
215 903 293 955 uester,
303 915 375 946 omues
384 904 455 945 autem
467 913 504 944 uos
513 900 590 944 iratres
599 899 657 944 estis.
669 900 688 943 9.
697 901 726 944 Et
734 905 815 955 patrem
824 901 889 946 nolite
899 915 975 944 uocare

106 971 166 1015 uobis
183 985 247 1027 super
263 974 352 1025 terram;
371 985 424 1015 unus
440 975 474 1015 est
495 973 551 1014 enim
572 974 633 1026 pater
655 974 733 1025 nester,
757 971 792 1026 qui
816 972 919 1015 incaelis
935 977 974 1016 est.

109 1044 140 1086 rb.
157 1043 202 1086 Neo
219 1042 324 1086 uocamlni
339 1042 442 1097 magistri,
464 1043 513 1096 quio
529 1043 631 1097 magister
653 1045 724 1086 uester
740 1055 793 1085 unus
811 1041 914 1086 Glnlstus.
941 1046 974 1088 ll.

105 1113 146 1164 tlui
162 1114 229 1156 maior
240 1115 272 1155 est
285 1116 386 1168 uestrum,
403 1112 444 1155 erit
459 1116 532 1156 uester
547 1114 652 1156 minister.
670 1113 702 1155 12.
720 1112 760 1164 qur
776 1115 846 1155 autem
862 1124 885 1155 se
896 1114 974 1157 exalta-

106 1183 167 1237 berit,
184 1183 338 1238 humiliabitur,
355 1184 423 1237 etqui
440 1195 463 1225 se
474 1182 628 1236 humiliabitur,
645 1183 779 1226 exaltabitur.
798 1184 831 1227 13.
847 1182 893 1226 Une
904 1187 974 1227 autem

104 1254 164 1298 uobis
180 1253 263 1297 scribae
279 1257 300 1296 et
316 1253 411 1297 l'arisoei
427 1252 559 1308 hypocritae,
577 1255 626 1308 quia
642 1253 741 1296 clauditis
763 1266 851 1307 regnum
868 1254 973 1297 caelorum

107 1324 235 1368 hominibus.
259 1323 305 1368 Uos
326 1324 382 1367 enim
402 1337 443 1368 non
462 1324 553 1374 intratis,
575 1337 614 1367 neo
637 1324 770 1368 introeuntes
795 1324 865 1368 sinitis
888 1325 974 1368 intrare.

107 1397 140 1439 14.
156 1395 202 1439 Uae
223 1394 284 1438 uobis
305 1395 388 1439 scribae
409 1398 430 1438 et
450 1395 553 1448 rar-isaei,
577 1395 708 1450 hypocritae,
735 1395 835 1449 quoniam
864 1396 975 1438 conceditis

105 1465 179 1509 domos
197 1467 318 1519 uiduarum,
342 1466 468 1509 occansione
489 1466 552 1519 longa
575 1468 674 1517 orantes;
700 1468 786 1520 propter
806 1465 845 1509 lroc
866 1466 975 1520 accipietis

105 1536 197 1591 arnplius
213 1536 321 1579 iudicium.
340 1537 372 1580 15.
389 1536 436 1580 Uae
452 1535 512 1580 uobis
528 1537 612 1580 scribae
629 1539 650 1579 et
660 1536 763 1591 Farisaei,
779 1536 909 1592 hypocritae,
925 1537 975 1590 quin

105 1607 264 1651 circuitisrnare
271 1607 384 1660 etarirlarn,
392 1605 505 1649 utlaciatis
515 1620 578 1649 unum
588 1607 729 1661 pr·oselytuur;
739 1611 760 1650 et
772 1620 819 1650 curn
828 1606 973 1662 irrerltlactus,

104 1677 173 1722 facitis
195 1691 243 1720 enm
265 1676 331 1719 tilium
354 1677 461 1732 gehenuae
483 1677 547 1731 duyrlo
569 1690 631 1732 quam
648 1689 691 1720 uos
716 1680 749 1722 lb.
766 1677 813 1721 Uae
833 1678 894 1720 uobis
910 1678 975 1721 clunes

104 1748 169 1801 caeci,
186 1748 221 1802 qui
238 1748 320 1791 dicitis:
337 1748 464 1802 quicumque
481 1747 587 1791 iurauerit
598 1748 619 1792 in
630 1748 715 1802 templo,
732 1748 785 1791 nihil
796 1751 840 1797 est3
857 1748 893 1803 qui
905 1751 975 1790 autem

104 1818 207 1862 iuraberit
222 1819 244 1861 in
261 1831 312 1861 auro
329 1818 411 1872 templi,
428 1818 499 1862 (lebet.
518 1820 550 1863 17.
567 1818 631 1862 Stulti
648 1821 669 1861 et
685 1820 749 1871 caeci,
766 1818 817 1872 quirl
833 1819 888 1862 enim
904 1819 975 1861 mains

104 1893 143 1941 est,
160 1901 278 1941 aurum,an
290 1889 399 1943 templum,
417 1891 473 1943 quorl
484 1889 604 1934 sanctificat
616 1902 695 1933 aurum
717 1891 748 1933 18.
765 1890 793 1932 Et
808 1891 844 1943 qui
860 1913 888 1920 -
903 1914 931 1920 —
948 1914 974 1919 —

103 1961 138 2003 27.
155 1959 275 2003 hominibus
297 1959 399 2013 speciosa,
421 1961 478 2003 intus
496 1973 545 2004 uero
562 1961 624 2014 plena
640 1962 690 2003 sunt
706 1960 790 2003 ossibus
806 1962 936 2003 mortuorum
955 1962 975 2002 et

104 2032 161 2073 omni
177 2030 287 2084 spurcitia.
304 2031 338 2073 28.
355 2030 390 2074 Sic
407 2034 427 2074 et
444 2043 481 2074 uos
497 2030 573 2074 aforis
589 2030 674 2085 quirleru
686 2031 766 2084 paretis
783 2030 902 2073 horninibus
917 2030 975 2081 iusti,

52 2113 59 2125 ‘
103 2101 162 2144 intus
178 2104 248 2144 autern
266 2100 323 2154 pleni
339 2102 391 2144 estis
407 2102 515 2156 hypocrisi
531 2105 553 2145 et
569 2102 689 2156 iniquitate.
706 2101 741 2144 ab.
758 2101 804 2145 Uae
820 2101 880 2144 uobis
892 2100 975 2144 scribae

104 2175 126 2214 et
147 2171 243 2214 l‘arisaei
267 2171 399 2225 hypocritae,
431 2173 467 2226 qui
493 2172 610 2215 aedificatis
634 2172 746 2227 sepulchra
770 2171 928 2226 prophetarum,
954 2174 976 2214 et

104 2243 186 2286 ornatis
209 2247 345 2285 monumenta
367 2244 479 2296 iustorum,
501 2247 523 2286 et
539 2244 622 2286 dicitis:
648 2244 681 2286 30,
708 2244 757 2296 quia
780 2243 797 2286 si
819 2241 932 2288 fuissemus
953 2243 974 2286 in

104 2313 179 2356 liebus
196 2315 280 2366 patrum
297 2317 423 2366 nostrorum,
446 2326 487 2356 nou
504 2326 598 2357 essemus
614 2313 666 2356 socii
683 2325 754 2356 eorum
770 2314 792 2356 in
808 2314 910 2368 sanguiue
927 2326 974 2367 pro-

105 2383 223 2437 phetarum.
240 2384 275 2427 al.
292 2383 368 2437 ltaque
378 2383 524 2427 testimoninm
536 2383 627 2427 rerlrlitis
635 2381 702 2433 uobis,
720 2384 770 2437 quia
780 2382 818 2426 filii
829 2383 882 2427 estis
894 2396 974 2437 eorum,

106 2454 141 2507 qui
163 2453 279 2508 prophetas
302 2453 432 2512 oeciderunt.
462 2456 495 2497 32.
517 2455 545 2497 Et
567 2466 605 2497 uos
628 2454 715 2508 implete
744 2467 864 2497 mensuram
890 2458 974 2509 patrum

105 2527 232 2567 uestrorum.
258 2525 291 2567 33.
314 2524 429 2568 Generatlo
457 2525 583 2578 uiperarum,
614 2525 720 2577 quomodo
743 2525 831 2580 fugietis
861 2539 872 2568 a
896 2526 974 2569 iudicio

104 2594 231 2648 gehennae?
252 2595 286 2637 34.
304 2595 354 2637 lrleo
375 2608 424 2638 ecee
448 2607 486 2650 ego
502 2595 563 2638 mitto
587 2596 613 2637 acl
629 2607 667 2637 uos
683 2596 805 2649 prophetas,
822 2598 843 2639 et
859 2597 973 2651 sapientes,

104 2668 126 2708 et
143 2665 230 2717 scribas,
247 2667 268 2708 et
285 2678 310 2707 eu
327 2665 369 2709 illis
379 2664 481 2708 occidetis
498 2668 519 2708 et
535 2660 664 2718 crucifigetis
681 2669 702 2707 et
717 2663 851 2719 flagellabitis
874 2667 896 2709 in
912 2679 974 2722 syna·

105 2737 164 2791 gogis
181 2737 268 2788 uestris,
285 2738 306 2779 et
322 2736 475 2791 persequimini
491 2736 517 2779 rle
533 2735 620 2778 ciuitate
635 2735 657 2777 in
673 2736 789 2788 claritatem,
813 2737 847 2780 35.
864 2739 888 2779 ub
903 2738 975 2782 uernat

104 2820 169 2862 super
185 2820 223 2850 uos
240 2806 307 2850 omnis
328 2808 416 2861 sanguis
432 2807 508 2858 iustus,
525 2807 560 2860 qui
577 2806 656 2850 ell'usus
671 2810 704 2850 est
719 2820 783 2861 snper
798 2810 882 2861 terram,
899 2821 911 2850 a
927 2820 974 2851 san·

93 2879 166 2931 quine
175 2877 228 2921 Abel
237 2877 287 2920 iusti
299 2890 366 2932 usque
378 2878 404 2920 arl
416 2878 541 2932 surrguinem
552 2878 667 2921 Zachariae
679 2876 708 2920 iili
720 2877 831 2930 Baraclrie,
843 2891 904 2932 quern
921 2880 974 2924 occi-

104 2948 166 2992 distis
187 2949 244 2991 inter
266 2948 367 3002 templum
391 2952 412 2991 et
428 2949 501 2991 altare.
525 2950 559 2992 36.
577 2949 642 2991 Arnen
659 2948 706 2991 (lico
730 2950 797 3000 uobis,
819 2949 906 2992 uenient
921 2950 974 2993 haec

105 3020 173 3062 omnia
189 3031 253 3074 super
269 3020 431 3072 generationem
447 3020 516 3062 istam.
538 3019 572 3063 37.
589 3020 731 3072 Hierusalem,
756 3019 899 3072 Hierusalem,
921 3033 974 3075 quae

105 3089 185 3131 occulis
202 3089 318 3143 prophetas
334 3092 356 3131 et
371 3089 456 3143 lapidas
472 3102 515 3141 eos,
531 3091 567 3143 qui
583 3090 610 3132 arl
626 3093 647 3131 te
664 3089 722 3132 missi
734 3093 790 3142 sunt,
807 3091 905 3143 quotiens
916 3091 975 3134 uolui

109 3170 236 3213 congregare
247 3158 302 3202 lilios
314 3162 368 3212 tuos,
381 3159 557 3214 quemarlrnorlum
574 3159 651 3214 gallina
664 3163 778 3215 congregat
788 3160 859 3216 pullos
875 3173 924 3204 suos
935 3161 974 3206 sub
