1992 3390
96 271 123 317 88
358 269 480 316 Euangelium
495 271 595 307 secundnm
608 270 709 308 Lucanum.
920 267 938 304 O.
952 271 968 305 d.

96 412 215 468 prohibere.
231 412 266 455 31.
282 411 311 453 Et
326 413 390 465 prout
406 411 472 455 uultis
488 416 511 456 ut
525 412 606 456 faciant
616 413 678 456 uobis
689 412 793 463 homines,
810 412 874 455 laeite
889 411 932 455 illis
948 414 970 454 et

96 496 134 526 uos
150 482 253 527 similiter.
275 482 309 525 32.
326 481 354 524 Et
376 483 394 525 si
411 482 502 536 diligitis
517 495 561 537 eos,
586 484 622 538 qui
646 496 685 527 uos
708 483 806 539 diligunt,
831 496 885 537 quae
908 482 970 524 uobis

96 552 183 609 gratia?
199 565 249 596 nem
265 555 287 595 et
302 554 426 607 peccatores
437 552 553 607 diligentes
570 566 592 597 se
609 554 716 610 diligunt?
732 555 766 598 33.
782 554 845 597 Etsi
861 552 970 596 benefece-

95 623 145 667 ritis
161 623 201 675 his,
219 624 255 676 qui
270 622 483 677 nohisbenefaeiuut,
500 637 555 679 quae
571 624 632 668 nohis
649 625 689 667 erit
704 625 786 679 gratia?
802 636 850 667 nam
862 627 883 666 et
894 635 970 678 perea-

96 698 154 738 tores
170 693 223 737 haee
239 693 326 736 faciunt.
343 694 377 738 34.
393 694 422 737 Et
438 694 456 737 si
473 697 569 737 motuum
586 694 689 738 dederitis
699 694 738 749 his,
756 708 768 737 a
784 695 861 748 quihus
877 692 969 748 speratis

95 777 134 808 uos
151 763 256 818 recipere,
273 776 328 819 quae
344 764 414 819 gratia
430 768 462 808 est
477 765 554 808 uobis?
569 776 639 807 nonne
650 768 672 807 et
682 767 806 818 peeeatores
823 765 970 820 peecatoribus

96 836 208 880 faenerant
227 838 249 877 et
264 835 376 890 repieiant.
408 836 442 879 35.
458 836 540 879 Uerum
562 839 633 878 tamen
650 836 719 878 amate
735 835 832 878 inimicos
849 837 933 878 uestros
949 838 971 877 et

96 905 322 950 beuelaeitemutuum
333 905 388 959 date,
405 905 458 949 nihil
467 907 611 961 desperantes,
629 907 651 947 et
666 904 707 948 erit
721 918 802 948 meroes
815 905 970 960 uestramulta,

97 980 118 1020 et
134 976 195 1019 eritis
211 974 250 1020 filii
267 976 375 1028 altIssimi,
392 977 440 1029 quia
457 976 503 1030 ipse
519 976 623 1029 benignos
640 979 673 1018 est
689 988 753 1030 super
771 979 844 1030 gratos
861 980 882 1018 et
897 976 970 1018 malos.

99 1047 132 1092 36,
149 1046 225 1090 Estote
241 1046 397 1099 misericordes,
414 1047 469 1089 sient
486 1050 508 1089 et
524 1049 584 1101 pater·
605 1050 679 1090 uester·
695 1047 817 1090 miseretur.
848 1048 882 1091 37.
899 1047 971 1090 Nolite

97 1117 201 1170 iudicare,
217 1120 240 1160 et
256 1117 281 1159 de
297 1118 358 1161 uobis
374 1129 416 1161 non
432 1117 574 1170 iudicabitur,
591 1118 658 1161 nolite
670 1118 817 1171 condemnare,
833 1121 855 1161 et
870 1130 911 1160 444
923 1129 971 1159 eon-

97 1188 259 1243 demnahimiui3
275 1188 377 1231 dimittite
386 1190 409 1231 et
420 1188 562 1231 dimittemini.
579 1188 613 1231 38.
625 1188 681 1231 Date
693 1192 714 1230 et
725 1188 810 1231 dabitur
825 1188 896 1232 uobis:
914 1200 971 1230 men-

98 1271 168 1302 snram
186 1259 270 1311 honam,
287 1258 411 1310 confertam,
425 1255 556 1311 4444444444,
576 1258 762 1312 supereffluentem
777 1259 859 1301 (labent
870 1259 891 1301 iu
902 1257 970 1301 sinum

98 1333 202 1373 uestrum.
219 1329 301 1372 Eadem
317 1342 444 1381 mensuram,
460 1342 501 1384 qua
517 1329 605 1380 metitis,
621 1331 725 1373 metietur
737 1330 804 1373 nohis.
832 1330 871 1372 3ss
883 1329 973 1372 Dicebat

98 1403 168 1444 autem
184 1400 228 1444 illis
245 1403 267 1443 et
282 1399 445 1443 similitudinem
461 1400 534 1443 istam:
552 1399 660 1460 Numquid
676 1403 747 1455 potest
763 1412 839 1443 eaeeus
855 1412 918 1443 onero
935 1400 972 1442 du-

98 1475 168 1514 eatum
183 1470 305 1525 praebere?
321 1481 391 1513 noune
408 1470 469 1512 enrho
485 1469 608 1513 inteream
625 1470 717 1513 eadent?
747 1471 781 1514 40.
800 1470 845 1513 Non
861 1473 894 1514 est
910 1470 972 1513 disei-

97 1541 162 1596 pulus
178 1553 243 1595 super
258 1540 395 1594 magistrum,
422 1539 532 1594 perlectus
556 1543 625 1582 autem
642 1541 689 1592 erit,
716 1544 739 1584 ut
755 1542 783 1583 sit
799 1541 972 1594 sieutmugister

97 1612 150 1668 eius.
167 1612 202 1654 41.
220 1608 276 1660 Quid
291 1606 363 1654 autem
372 1610 433 1653 uides
441 1610 547 1653 festucam
556 1611 578 1652 iu
588 1610 648 1653 oeulo
664 1610 737 1653 fratris
753 1611 791 1662 tui,
808 1612 890 1654 trahem
901 1615 973 1654 autem

99 1694 152 1737 quae
169 1682 190 1724 in
207 1682 268 1724 oaulo
284 1683 320 1724 tuo
336 1685 375 1736 est,
392 1693 433 1724 non
450 1681 581 1724 consideres.
596 1682 631 1724 42.
649 1681 692 1724 Aut
708 1683 813 1735 quomodo
824 1685 885 1736 potes
902 1682 973 1724 dicere

98 1752 161 1796 fratri
177 1755 221 1804 tuo,
238 1752 291 1804 sine,
315 1752 391 1795 eieiam
406 1751 510 1795 festucam
526 1752 553 1794 de
570 1751 630 1795 oerrlo
646 1755 690 1800 tuo,
715 1756 737 1794 et
752 1764 803 1795 ecoe
819 1754 841 1795 in
858 1752 918 1795 oculo
935 1756 971 1795 tuo

97 1822 166 1867 trahis
182 1822 295 1866 subiacet?
311 1822 435 1878 Hypoerita,
451 1823 496 1865 eioe
512 1822 604 1876 primum
620 1823 701 1865 trabem
712 1823 737 1865 de
748 1823 809 1865 oeulo
821 1826 864 1875 tuo,
882 1826 903 1865 et
920 1826 970 1866 tune

98 1893 207 1948 respicies,
218 1895 242 1935 ut
253 1894 332 1936 educas
340 1892 443 1936 festucam
452 1893 478 1935 de
487 1893 548 1935 oeulo
565 1892 637 1935 fratris
652 1894 692 1936 tui.
707 1894 742 1936 43.
754 1892 801 1936 Non
810 1898 843 1936 est
855 1927 858 1935 .
873 1928 876 1934 .
890 1927 893 1935 .
910 1894 974 1936 arhor

99 1965 160 2017 bona,
170 1976 224 2017 qnae
238 1963 291 2007 feeit
306 1962 389 2007 fruetus
405 1963 478 2014 malos,
494 1976 564 2017 neque
575 1964 652 2006 iterum
665 1964 727 2007 arbor
738 1963 793 2006 mala
803 1963 883 2007 taciens
892 1964 973 2006 fruetus

99 2036 172 2078 bonos.
188 2034 223 2077 44.
240 2032 387 2088 Unaquaeque
396 2035 460 2077 arhor
470 2033 574 2077 erhusto
590 2047 629 2077 suo
645 2031 791 2088 eogrroseetur.
808 2034 884 2089 Neque
900 2035 974 2089 legunt

99 2105 126 2148 de
137 2104 204 2159 spinis
213 2116 274 2157 uuas,
291 2116 360 2157 neque
370 2104 396 2147 de
405 2105 459 2147 ruho
470 2104 604 2147 uindemiant
615 2117 685 2147 uuam.
703 2105 737 2148 45.
749 2105 822 2147 Bonus
838 2106 894 2149 enim
910 2105 973 2149 horno

100 2175 196 2219 debono
212 2174 329 2218 thensauro
339 2175 408 2218 cordis
425 2175 458 2217 sui
474 2174 556 2230 profert
575 2174 661 2226 bonum,
677 2178 699 2218 et
715 2175 783 2218 malus
799 2176 826 2218 de
842 2176 897 2218 rnalu
913 2175 973 2219 theu-

100 2258 164 2289 sauro
180 2243 275 2300 proferet
290 2244 351 2287 mala
368 2244 402 2287 Ex
417 2244 549 2288 abundantia
565 2250 621 2289 enim
636 2245 705 2290 cordis
722 2258 745 2288 os
761 2246 915 2300 eiusloquitur.
938 2247 974 2293 46.

101 2316 156 2368 Quid
173 2318 244 2358 aulem
261 2316 344 2359 uocatis
360 2327 393 2358 me
409 2316 501 2367 domiue,
523 2316 614 2372 domine,
636 2321 658 2360 et
678 2330 719 2359 non
736 2316 820 2359 facietis
837 2330 892 2372 quare
909 2317 974 2360 dieo?

100 2389 133 2431 47.
150 2386 231 2439 Omnis,
248 2386 284 2440 qui
300 2385 362 2428 uenit
377 2386 403 2430 ad
419 2399 453 2429 me
469 2390 490 2429 et
502 2386 562 2430 audit
573 2400 681 2431 sermones
697 2399 754 2430 meos
770 2386 809 2429 hos
826 2391 847 2430 et
863 2387 915 2430 facit
930 2400 973 2441 eos,

101 2458 212 2501 ostendam
231 2456 292 2500 nobis
309 2457 342 2499 eui
358 2456 434 2500 similis
450 2460 495 2500 est:
512 2458 546 2501 48.
563 2457 639 2500 sinrilis
655 2460 688 2500 est
703 2458 782 2500 homini
801 2456 922 2501 aedificanti
938 2458 974 2500 do-

101 2541 164 2580 mum,
181 2527 217 2581 qui
233 2527 288 2576 fodit
303 2528 324 2569 in
340 2527 405 2570 altum
427 2531 448 2570 et
464 2528 536 2581 posuit
552 2528 690 2571 fuodameuta
706 2540 771 2582 supra
793 2532 891 2582 petram3
913 2528 973 2571 inun-

102 2600 175 2643 dantia
199 2600 270 2641 autem
291 2597 354 2652 laeta,
380 2597 447 2642 allisit
467 2598 545 2642 flumen
568 2599 639 2641 domni
660 2600 698 2652 illi,
722 2603 744 2641 et
759 2600 810 2642 'uon
830 2599 902 2653 potuit
928 2611 974 2641 eam

101 2682 199 2722 monere3
222 2668 311 2712 fundata
327 2669 381 2712 euim
398 2672 445 2711 erat
460 2682 524 2724 super·
543 2672 632 2723 petram.
652 2671 686 2712 49.
703 2669 757 2713 Nam
766 2669 801 2724 qui
817 2670 877 2712 nardit
893 2672 915 2712 et
930 2681 972 2711 non

100 2742 158 2795 faeit,
175 2740 252 2784 similis
268 2744 301 2783 est
315 2740 403 2795 homiui,
421 2739 637 2783 aedificantidomum
654 2753 713 2783 suam
729 2754 795 2796 supra
811 2741 912 2783 harenam
929 2740 975 2782 sine

101 2812 251 2863 tundamento;
267 2810 334 2854 allisit
349 2809 426 2854 flrnnen
445 2811 518 2854 domui
534 2811 572 2867 illi,
590 2815 611 2854 et
627 2813 726 2855 continuo
750 2811 850 2864 eoueidit,
874 2813 896 2854 et
919 2810 975 2854 laeta

102 2885 135 2926 est
149 2880 211 2925 ruine
228 2882 302 2925 domus
315 2915 319 2923 .
331 2916 335 2925 .
349 2916 352 2924 .
372 2894 454 2937 magna.

171 3022 227 3068 VII.
246 3027 263 3067 1.
286 3024 315 3067 Ε4
335 3022 415 3066 laetum
436 3027 475 3076 est,
490 3037 537 3067 curn
558 3025 668 3079 implesset
691 3025 761 3068 omnia
782 3023 846 3067 uerha
868 3024 890 3066 in
913 3035 975 3067 aures

102 3093 177 3148 plebis,
193 3094 284 3137 intrauit
293 3093 425 3138 Oataruaum.
443 3096 462 3137 2,
480 3094 618 3138 Centurionis
629 3099 700 3139 autem
712 3095 822 3139 cuiusdam
834 3107 909 3139 seruus
920 3094 975 3137 male

102 3162 183 3207 habens
200 3167 245 3207 erat
265 3166 389 3217 moriturus,
412 3166 448 3220 qui
470 3164 501 3207 illi
518 3169 563 3209 erat
579 3167 706 3221 praetiosus.
733 3167 752 3211 3.
770 3167 799 3210 Et
816 3180 863 3211 cum
880 3166 976 3210 audisset
