1992 3390
89 282 131 324 122
348 277 471 323 Euangelium
485 277 584 314 secundum
596 278 694 315 Marcum·
917 280 931 316 G
944 286 960 317 3.

87 421 148 463 dam:
165 420 263 474 1111111
281 420 381 462 11111111,
411 420 431 464 4.
449 420 479 463 Et
495 421 549 463 dixit
564 422 590 464 ad
605 422 671 466 illosz'
695 421 754 465 Licet
769 422 865 466 sabbatis
881 423 961 478 aliquid

85 490 212 533 benefacere
228 502 253 533 an
263 490 335 533 male?
351 490 440 534 aniciam
458 492 540 534 saluam
555 492 625 536 fauere
641 505 669 535 an
685 492 789 547 perdere?
804 493 839 536 Ad
855 493 887 536 illi
902 497 960 537 tace-

84 561 144 604 bant.
179 561 198 605 11
213 560 241 603 Et
257 560 430 615 circumspiciens
448 573 485 604 eos
501 574 548 605 eum
563 563 595 606 ira
611 564 656 606 indi
669 597 674 606 .
688 597 692 605 .
706 599 710 608 .
724 564 745 606 in
769 565 874 607 caecitate
890 565 960 608 cordis

84 644 167 686 eorum,
184 632 213 674 ait
231 631 325 675 homini:
356 631 453 674 Extende
469 645 554 676 manum
569 636 634 678 tuam.
667 634 696 677 Et
712 634 805 677 extendit
822 638 844 677 et
860 636 960 678 restituta

87 705 121 745 est
137 714 212 745 ananus
228 701 274 744 eius
291 702 347 745 sicut
361 700 409 744 alia.
430 704 451 746 6.
469 702 573 746 Exierunt
588 706 661 746 autem
677 703 786 747 Pharisaei
802 717 851 748 cum
868 704 959 749 Herodi-

88 773 140 815 anis'
151 776 173 816 et
188 771 299 815 eonsilium
316 772 422 815 faciebant
437 775 463 815 ut
478 773 538 817 illum
554 774 673 829 perderent.
691 777 710 818 1.
726 774 789 818 Jesus
805 787 859 818 uero
870 777 960 820 secessit

90 855 139 886 curn
158 842 274 897 discipulis
300 842 345 886 suis
360 843 386 886 ad
409 855 474 897 mare,
491 848 513 887 et
528 844 593 887 multa
608 844 674 888 turba
690 858 702 888 a
717 845 800 889 iudaea
816 849 839 889 et
855 846 965 900 Galilaea,-

89 914 108 957 8.
125 917 147 957 11
163 914 189 956 ab
206 913 360 969 Hierosolymis
376 916 398 956 et
423 913 450 956 ab
476 914 577 958 ldurnaea
600 928 625 958 ac
649 918 744 960 etrans
766 915 877 960 Jordanen
902 920 924 960 et
946 931 958 962 a

87 985 144 1039 Tyro
156 988 200 1027 eta
215 982 295 1027 Sidone
311 983 457 1039 sequebantur
474 985 540 1042 illum,
556 985 669 1029 audientes
686 989 768 1041 quanta·
780 986 880 1030 faciebat.
896 990 915 1031 9.
932 987 960 1031 Et

88 1054 143 1097 dixit
169 1054 279 1110 discipulis
296 1056 360 1109 suis,
378 1059 400 1098 ut
415 1055 517 1099 nauicula
534 1057 711 1100 deseruhetsibi
726 1060 811 1112 propter·
824 1058 918 1112 turbam,
935 1071 961 1103 ne

88 1133 137 1168 eum
149 1125 320 1180 corrrprimereut:
336 1127 370 1170 m.
380 1126 460 1169 Multos
472 1128 528 1169 enim
538 1127 630 1181 curabat,
642 1127 673 1171 iia
684 1133 708 1170 ut
718 1129 827 1171 inruerent
838 1129 860 1171 in
871 1140 926 1182 euin,
937 1133 961 1172 ut

88 1196 149 1239 illum
159 1198 277 1250 tangerent,
288 1197 413 1251 quicumque
421 1197 530 1240 habebant
538 1197 616 1252 plagas.
626 1200 659 1242 11.
670 1196 711 1241 Sed
719 1201 740 1242 et
749 1197 837 1252 spiritus
852 1198 960 1252 immundi,

89 1279 137 1309 cum
155 1267 253 1310 uiderent
268 1266 336 1319 illum,
354 1268 499 1321 procedebant
514 1270 562 1310 ante
574 1269 592 1310 ei
608 1271 630 1311 et
647 1269 767 1311 clamabant
782 1269 889 1313 dicentes:
920 1269 961 1313 llic

89 1339 122 1380 est
139 1336 194 1379 filius
210 1336 253 1380 dei.r
268 1339 302 1380 ia.
318 1338 347 1380 Et
363 1338 489 1393 increpabat
505 1338 558 1390 illos,
575 1351 601 1381 ne
619 1351 668 1381 eum
679 1338 847 1393 manifestarent,
864 1341 960 1393 quoniam

88 1407 186 1450 sciebant
201 1420 255 1450 1111.
275 1408 307 1450 13.
325 1408 447 1452 ascendens
464 1411 536 1451 autem
552 1409 573 1452 iu
589 1413 690 1462 montem,
707 1409 791 1452 uocauit
807 1410 835 1452 ad
852 1422 882 1462 se,
906 1422 959 1464 quos

88 1478 159 1522 uoluit
174 1479 225 1531 ipse,
242 1482 263 1520 et
279 1482 384 1521 uenerunt
400 1479 503 1523 11111111.
523 1481 554 1524 14.
570 1480 598 1521 Et
613 1480 667 1523 fecit
682 1480 738 1535 XII,
755 1484 778 1522 ut
793 1492 867 1522 secum
883 1485 960 1532 essent,

88 1552 112 1591 ut
128 1549 275 1592 mitteret'eos
292 1549 416 1603 praedicare
432 1550 573 1604 euangelium.
601 1550 634 1593 15.
652 1550 681 1592 Et
697 1550 814 1593 dedititiis
831 1552 960 1604 potestatem

89 1619 177 1662 curandi
193 1619 329 1663 ualetudiues
345 1623 366 1662 et
381 1621 451 1662 eicere
467 1620 583 1664 daemonia.
602 1622 635 1664 16.
654 1620 682 1663 aa
698 1621 797 1675 imposuit
820 1618 900 1663 Simoni
921 1634 960 1664 uo-

87 1690 234 1741 men'Petrus,
252 1691 274 1731 et
283 1688 386 1733 Jacobum
403 1690 516 1747 Zebedaei,
534 1702 554 1733 eu
569 1690 681 1733 Johannen
698 1690 784 1734 fratrem
800 1690 884 1745 dracchi,
901 1704 957 1734 com·

89 1760 267 1817 muniter'autem
284 1761 371 1804 uocauit
386 1761 433 1803 illos
455 1761 583 1815 Boauerges,
607 1762 665 1815 quod
687 1765 720 1804 est
742 1760 779 1804 filii
804 1761 901 1804 tonitrui.
925 1763 958 1806 18.

89 1831 158 1873 Erant
173 1835 241 1873 autern
259 1831 293 1874 hi:
310 1830 382 1874 Simon
398 1834 418 1874 et
434 1831 538 1885 Andreas,
561 1830 656 1874 ,lacobus
672 1835 693 1874 et
709 1830 824 1884 lohannes,
849 1831 960 1887 Philippus

89 1904 117 1944 et
127 1901 282 1953 mariannem,
306 1902 415 1945 Mattheus
435 1904 458 1943 et
479 1901 576 1954 Thomas,
600 1901 695 1946 Jacobus
713 1901 787 1955 Alphei
803 1906 824 1943 et
841 1900 960 1955 Lebbaeus,

90 1972 163 2015 Simon
180 1970 293 2015 Sauaneus
325 1972 358 2015 m.
383 1970 848 2025 11111118111111111,111111111111111111.
880 1972 913 2015 ab.
930 1972 959 2015 Et

91 2042 153 2084 11111
168 2043 243 2084 iterum
265 2043 287 2084 in
312 2041 631 2095 111111111111111111111111,
658 2043 688 2085 ita
711 2045 734 2084 11
756 2047 796 2084 nou
818 2046 907 2096 possent
923 2056 960 2085 nec

89 2124 168 2166 panem
184 2112 269 2166 uiridem
286 2113 419 2155 manducare.
447 2114 481 2155 21.
499 2112 560 2164 (1111
576 2117 598 2155 ut
614 2113 729 2155 audierunt
745 2113 770 2155 cle
786 2112 822 2155 illo
839 2112 923 2156 scribae
940 2116 961 2156 et

89 2183 176 2235 caeteri,
189 2183 290 2225 exierunt
307 2186 330 2225 ut
346 2185 443 2226 tenerent
459 2183 525 2237 illum,
542 2182 640 2226 dicebant
661 2182 717 2226 enirn
733 2183 832 2237 quoniam
856 2184 961 2227 exsentiat

88 2266 133 2297 eos.
150 2254 184 2295 22.
201 2252 230 2295 Et
245 2253 330 2295 scribae
347 2252 382 2306 qui
399 2253 424 2295 ab
437 2251 591 2308 Hierosolymis
608 2253 769 2308 descenderant,
786 2254 887 2297 dicebant
904 2255 962 2308 quod

87 2324 185 2367 belsebul
201 2323 270 2374 habet,
295 2323 409 2378 principem
431 2324 595 2376 daemoniorum,
618 2327 643 2367 et
666 2324 785 2378 perillum
806 2324 896 2379 expellit
912 2325 959 2368 dae

89 2396 167 2438 monia.
184 2397 217 2439 23.
233 2395 262 2437 Et
279 2395 457 2437 coriiroaauiteos
474 2397 495 2436 et
511 2395 541 2437 ait
555 2394 618 2437 Jesus
634 2394 656 2436 iu
673 2394 790 2449 parabolis:
807 2396 913 2449 qnornodo
923 2408 959 2450 po-

89 2469 133 2509 test
149 2469 238 2509 satanas
253 2468 344 2509 satanan
360 2465 483 2519 expellere?
506 2466 540 2509 24.
557 2464 598 2509 nt:
620 2466 639 2508 si
661 2478 748 2519 regnum
768 2464 828 2509 inse
846 2465 960 2521 diuiclatur,

90 2549 133 2579 non
150 2539 219 2590 potest
234 2538 300 2578 stare.
322 2536 355 2579 25.
371 2535 411 2579 Et:
426 2536 444 2579 si
462 2536 536 2578 domus
552 2537 573 2578 in
589 2536 707 2589 semetipsa
717 2536 833 2587 disicietur,
850 2539 907 2580 stare
918 2540 961 2579 111

89 2610 161 2661 potest
177 2607 249 2650 domus
265 2606 309 2648 illa.
327 2607 361 2649 26.
377 2605 416 2649 Et:
432 2606 451 2648 si
468 2610 553 2649 satanas
569 2609 658 2649 satanan
675 2606 731 2662 eicit,
748 2606 876 2662 dispertitus
892 2607 913 2649 11
929 2619 961 2662 se,

88 2691 131 2722 nou
147 2678 225 2732 poterit
241 2681 299 2720 stare
315 2689 402 2731 regnum
419 2676 473 2719 eins.
491 2677 525 2719 27.
541 2675 606 2719 Nemo
623 2677 696 2731 potest
711 2689 763 2719 uasa
774 2678 827 2729 eius,
845 2676 882 2730 qui
898 2676 959 2720 fortis

88 2751 129 2803 est,
147 2749 239 2802 diripere
255 2748 365 2801 ingressus
382 2749 402 2790 iu
419 2748 512 2799 dornmn,
529 2747 569 2791 nisi
586 2746 644 2801 prius
661 2746 731 2801 ipsum
746 2746 821 2790 fortem
831 2747 959 2801 alligauerit,

88 2823 110 2862 et
126 2822 177 2861 tunc
193 2819 277 2861 domum
287 2819 333 2861 eins
343 2818 433 2872 diripiet.
452 2818 486 2860 28.
504 2818 569 2861 hmen
586 2818 633 2861 dico
650 2819 719 2870 uobis,
736 2818 791 2872 qnod
802 2819 874 2861 ornriia
890 2817 960 2860 dimit-

88 2894 162 2933 tenlur
178 2888 226 2932 tiliis
248 2889 357 2932 hominum
373 2892 462 2942 peccata
478 2892 499 2931 et
515 2888 671 2942 blasphemiae3
702 2890 735 2933 29.
757 2888 791 2943 qui
811 2891 884 2931 autem
905 2887 959 2939 blas-

87 2960 338 3015 phernaueritspiritum
354 2963 459 3009 sanctum,
475 2958 596 3002 nonhabet
612 2960 767 3012 remissionem,
793 2959 830 3001 sed
854 2971 903 3001 reus
927 2961 959 3001 est

88 3032 171 3074 aeterni
188 3030 266 3074 delicti.
299 3031 333 3074 30.
356 3030 408 3081 Quia
430 3030 531 3073 dicebant
547 3042 592 3073 eum
609 3030 710 3084 spiritum
727 3029 857 3072 immundum
874 3028 979 3072 haberem

89 3103 124 3144 31.
141 3102 169 3144 111
185 3103 243 3145 uertit
258 3104 328 3143 mater
343 3101 388 3143 eius
404 3103 425 3142 et
441 3100 521 3143 fratres
537 3100 582 3142 eius
598 3100 694 3154 forisque
710 3102 796 3153 stantes,
813 3101 918 3143 miserunt
933 3099 959 3142 ad
981 3109 982 3113 ’

90 3173 151 3215 illum
167 3177 266 3216 uocantes
281 3185 339 3221 11111,
370 3172 404 3214 32.
426 3174 448 3214 et
470 3171 557 3214 sedebat
578 3171 603 3214 ad
625 3172 686 3214 illum
707 3172 774 3222 turba,
795 3174 817 3214 et
839 3171 913 3214 dicunt
928 3172 959 3214 ei:
